<?xml version="1.0" encoding="UTF-8"?>
<!DOCTYPE html PUBLIC "-//W3C//DTD XHTML 1.0 Transitional//EN"
    "http://www.w3.org/TR/xhtml1/DTD/xhtml1-transitional.dtd">
<html xmlns="http://www.w3.org/1999/xhtml" xml:lang="en" lang="en">
 <head>
  <title>
</title>
<meta http-equiv="Content-Type" content="text/html;charset=utf-8" />
  <meta name='ocr-system' content='tesseract 3.04.00' />
  <meta name='ocr-capabilities' content='ocr_page ocr_carea ocr_par ocr_line ocrx_word'/>
</head>
<body>
  <div class='ocr_page' id='page_1' title='image "./maximestiresdel00rollgoog/maximestiresdel00rollgoog_0093.png"; bbox 0 0 2034 3234; ppageno 0'>
   <div class='ocr_carea' id='block_1_1' title="bbox 943 211 1143 280">
    <p class='ocr_par' dir='ltr' id='par_1_1' title="bbox 943 211 1143 280">
     <span class='ocr_line' id='line_1_1' title="bbox 943 211 1143 280; baseline 0 0"><span class='ocrx_word' id='word_1_1' title='bbox 943 211 1143 280; x_wconf 73' lang='lat'><strong>(83)</strong></span> 
     </span>
    </p>
   </div>
   <div class='ocr_carea' id='block_1_2' title="bbox 295 319 1771 744">
    <p class='ocr_par' dir='ltr' id='par_1_2' title="bbox 295 319 1771 744">
     <span class='ocr_line' id='line_1_2' title="bbox 299 319 1769 384; baseline 0.001 -16"><span class='ocrx_word' id='word_1_2' title='bbox 299 320 414 370; x_wconf 80' lang='lat' dir='ltr'><strong>Paul</strong></span> <span class='ocrx_word' id='word_1_3' title='bbox 439 320 512 368; x_wconf 70' lang='lat' dir='ltr'><strong>tut</strong></span> <span class='ocrx_word' id='word_1_4' title='bbox 533 319 692 382; x_wconf 71' lang='lat' dir='ltr'><strong>lapide</strong></span> <span class='ocrx_word' id='word_1_5' title='bbox 715 325 764 368; x_wconf 87' lang='lat' dir='ltr'><strong>et</strong></span> <span class='ocrx_word' id='word_1_6' title='bbox 785 321 926 371; x_wconf 66' lang='lat' dir='ltr'><strong>luisse</strong></span> <span class='ocrx_word' id='word_1_7' title='bbox 961 333 1088 384; x_wconf 76' lang='lat' dir='ltr'><strong>pour</strong></span> <span class='ocrx_word' id='word_1_8' title='bbox 1110 327 1239 370; x_wconf 82' lang='lat' dir='ltr'><strong>mort</strong></span> <span class='ocrx_word' id='word_1_9' title='bbox 1259 333 1343 368; x_wconf 80' lang='lat' dir='ltr'><strong>sur</strong></span> <span class='ocrx_word' id='word_1_10' title='bbox 1366 321 1411 368; x_wconf 77' lang='lat' dir='ltr'><strong>la</strong></span> <span class='ocrx_word' id='word_1_11' title='bbox 1434 319 1583 380; x_wconf 73' lang='lat' dir='ltr'><strong>place.</strong></span> <span class='ocrx_word' id='word_1_12' title='bbox 1617 321 1769 382; x_wconf 72' lang='lat' dir='ltr'><strong>Apres</strong></span> 
     </span>
     <span class='ocr_line' id='line_1_3' title="bbox 297 390 1768 458; baseline -0.002 -11"><span class='ocrx_word' id='word_1_13' title='bbox 297 399 432 447; x_wconf 83' lang='lat' dir='ltr'><strong>aveir</strong></span> <span class='ocrx_word' id='word_1_14' title='bbox 450 399 721 456; x_wconf 78' lang='lat' dir='ltr'><strong>longtemps</strong></span> <span class='ocrx_word' id='word_1_15' title='bbox 742 398 864 445; x_wconf 85' lang='lat' dir='ltr'><strong>suivi</strong></span> <span class='ocrx_word' id='word_1_16' title='bbox 901 398 1028 444; x_wconf 81' lang='lat' dir='ltr'><strong>saint</strong></span> <span class='ocrx_word' id='word_1_17' title='bbox 1050 390 1168 446; x_wconf 85' lang='lat' dir='ltr'>Paul</span> <span class='ocrx_word' id='word_1_18' title='bbox 1192 397 1313 446; x_wconf 86' lang='lat' dir='ltr'><strong>daus</strong></span> <span class='ocrx_word' id='word_1_19' title='bbox 1337 408 1414 444; x_wconf 83' lang='lat' dir='ltr'><strong>ses</strong></span> <span class='ocrx_word' id='word_1_20' title='bbox 1435 408 1656 458; x_wconf 75' lang='lat' dir='ltr'><strong>voyage5‚</strong></span> <span class='ocrx_word' id='word_1_21' title='bbox 1684 393 1768 444; x_wconf 86' lang='lat' dir='ltr'><strong>Ti-</strong></span> 
     </span>
     <span class='ocr_line' id='line_1_4' title="bbox 298 463 1771 536; baseline 0.001 -13"><span class='ocrx_word' id='word_1_22' title='bbox 298 477 490 524; x_wconf 75' lang='lat' dir='ltr'><strong>mothee</strong></span> <span class='ocrx_word' id='word_1_23' title='bbox 533 474 730 522; x_wconf 75' lang='lat' dir='ltr'><strong>s’arreta</strong></span> <span class='ocrx_word' id='word_1_24' title='bbox 776 477 803 521; x_wconf 66' lang='lat' dir='ltr'>a</span> <span class='ocrx_word' id='word_1_25' title='bbox 850 463 1069 534; x_wconf 71' lang='lat' dir='ltr'><strong>Ephese,</strong></span> <span class='ocrx_word' id='word_1_26' title='bbox 1116 475 1237 522; x_wconf 88' lang='lat' dir='ltr'><strong>dont</strong></span> <span class='ocrx_word' id='word_1_27' title='bbox 1277 474 1311 522; x_wconf 85' lang='lat' dir='ltr'><strong>il</strong></span> <span class='ocrx_word' id='word_1_28' title='bbox 1359 473 1434 520; x_wconf 85' lang='lat' dir='ltr'><strong>fut</strong></span> <span class='ocrx_word' id='word_1_29' title='bbox 1470 475 1516 522; x_wconf 90' lang='lat' dir='ltr'><strong>le</strong></span> <span class='ocrx_word' id='word_1_30' title='bbox 1561 475 1771 536; x_wconf 79' lang='lat' dir='ltr'>premier</span> 
     </span>
     <span class='ocr_line' id='line_1_5' title="bbox 297 542 1767 610; baseline -0.001 -14"><span class='ocrx_word' id='word_1_31' title='bbox 297 551 492 610; x_wconf 73' lang='lat' dir='ltr'><strong>eveque.</strong></span> <span class='ocrx_word' id='word_1_32' title='bbox 529 549 658 598; x_wconf 87' lang='lat' dir='ltr'><strong>C’est</strong></span> <span class='ocrx_word' id='word_1_33' title='bbox 679 554 821 610; x_wconf 78' lang='lat' dir='ltr'><strong>apres</strong></span> <span class='ocrx_word' id='word_1_34' title='bbox 845 556 972 597; x_wconf 85' lang='lat' dir='ltr'><strong>cette</strong></span> <span class='ocrx_word' id='word_1_35' title='bbox 995 551 1272 610; x_wconf 79' lang='lat' dir='ltr'><strong>separation</strong></span> <span class='ocrx_word' id='word_1_36' title='bbox 1296 561 1391 610; x_wconf 91' lang='lat' dir='ltr'><strong>que</strong></span> <span class='ocrx_word' id='word_1_37' title='bbox 1415 546 1538 598; x_wconf 81' lang='lat' dir='ltr'><strong>saint</strong></span> <span class='ocrx_word' id='word_1_38' title='bbox 1560 542 1677 597; x_wconf 85' lang='lat' dir='ltr'>Paul</span> <span class='ocrx_word' id='word_1_39' title='bbox 1700 550 1767 596; x_wconf 84' lang='lat' dir='ltr'><strong>lm</strong></span> 
     </span>
     <span class='ocr_line' id='line_1_6' title="bbox 295 621 1769 682; baseline -0.001 -10"><span class='ocrx_word' id='word_1_40' title='bbox 295 627 488 672; x_wconf 82' lang='lat' dir='ltr'>adressa</span> <span class='ocrx_word' id='word_1_41' title='bbox 510 625 581 670; x_wconf 85' lang='lat' dir='ltr'><strong>les</strong></span> <span class='ocrx_word' id='word_1_42' title='bbox 605 625 734 670; x_wconf 89' lang='lat' dir='ltr'><strong>deux</strong></span> <span class='ocrx_word' id='word_1_43' title='bbox 759 625 938 682; x_wconf 69' lang='lat' dir='ltr'><strong>epitres</strong></span> <span class='ocrx_word' id='word_1_44' title='bbox 966 624 1083 671; x_wconf 74' lang='lat' dir='ltr'><strong>d’oh</strong></span> <span class='ocrx_word' id='word_1_45' title='bbox 1118 629 1229 671; x_wconf 86' lang='lat' dir='ltr'><strong>sont</strong></span> <span class='ocrx_word' id='word_1_46' title='bbox 1262 623 1489 670; x_wconf 74' lang='lat' dir='ltr'><strong>extraites</strong></span> <span class='ocrx_word' id='word_1_47' title='bbox 1524 621 1595 670; x_wconf 79' lang='lat' dir='ltr'><strong>les</strong></span> <span class='ocrx_word' id='word_1_48' title='bbox 1617 624 1769 672; x_wconf 75' lang='lat' dir='ltr'><strong>maxi-</strong></span> 
     </span>
     <span class='ocr_line' id='line_1_7' title="bbox 295 697 682 744; baseline -0.005 0"><span class='ocrx_word' id='word_1_49' title='bbox 295 710 398 744; x_wconf 83' lang='lat' dir='ltr'><strong>mes</strong></span> <span class='ocrx_word' id='word_1_50' title='bbox 421 697 682 744; x_wconf 77' lang='lat' dir='ltr'><strong>suivantes.</strong></span> 
     </span>
    </p>
   </div>
   <div class='ocr_carea' id='block_1_3' title="bbox 289 820 1768 2634">
    <p class='ocr_par' dir='ltr' id='par_1_3' title="bbox 295 820 1768 1042">
     <span class='ocr_line' id='line_1_8' title="bbox 367 820 1768 893; baseline -0.001 -16"><span class='ocrx_word' id='word_1_51' title='bbox 367 826 418 877; x_wconf 99' lang='grc'><strong>4.</strong></span> <span class='ocrx_word' id='word_1_52' title='bbox 457 821 602 876; x_wconf 87' lang='lat' dir='ltr'><strong>Finis</strong></span> <span class='ocrx_word' id='word_1_53' title='bbox 622 820 878 893; x_wconf 83' lang='lat' dir='ltr'><strong>praecepti</strong></span> <span class='ocrx_word' id='word_1_54' title='bbox 915 825 998 876; x_wconf 81' lang='lat' dir='ltr'><strong>eet</strong></span> <span class='ocrx_word' id='word_1_55' title='bbox 1032 820 1227 876; x_wconf 75' lang='lat' dir='ltr'><strong>caritas</strong></span> <span class='ocrx_word' id='word_1_56' title='bbox 1264 821 1333 876; x_wconf 89' lang='lat' dir='ltr'><strong>de</strong></span> <span class='ocrx_word' id='word_1_57' title='bbox 1356 822 1519 879; x_wconf 88' lang='lat' dir='ltr'><strong>corde</strong></span> <span class='ocrx_word' id='word_1_58' title='bbox 1539 837 1676 893; x_wconf 88' lang='lat' dir='ltr'><strong>puro</strong></span> <span class='ocrx_word' id='word_1_59' title='bbox 1713 828 1768 878; x_wconf 88' lang='lat' dir='ltr'><strong>et</strong></span> 
     </span>
     <span class='ocr_line' id='line_1_9' title="bbox 295 889 1763 974; baseline -0.001 -14"><span class='ocrx_word' id='word_1_60' title='bbox 295 903 624 960; x_wconf 69' lang='lat' dir='ltr'><strong>conscientia</strong></span> <span class='ocrx_word' id='word_1_61' title='bbox 648 902 794 961; x_wconf 71' lang='lat' dir='ltr'><strong>bona</strong></span> <span class='ocrx_word' id='word_1_62' title='bbox 829 909 884 961; x_wconf 84' lang='lat' dir='ltr'><strong>et</strong></span> <span class='ocrx_word' id='word_1_63' title='bbox 908 901 1019 958; x_wconf 89' lang='lat' dir='ltr'><strong>fide</strong></span> <span class='ocrx_word' id='word_1_64' title='bbox 1050 917 1162 958; x_wconf 85' lang='lat' dir='ltr'><strong>non</strong></span> <span class='ocrx_word' id='word_1_65' title='bbox 1186 889 1551 974; x_wconf 62' lang='lat' dir='ltr'><strong>fiotd.Epit1-e</strong></span> <span class='ocrx_word' id='word_1_66' title='bbox 1581 903 1623 956; x_wconf 90' lang='grc' dir='ltr'><strong>Ι.</strong></span> <span class='ocrx_word' id='word_1_67' title='bbox 1651 918 1700 960; x_wconf 83' lang='lat' dir='ltr'><strong>o.</strong></span> <span class='ocrx_word' id='word_1_68' title='bbox 1724 918 1763 958; x_wconf 86' lang='lat'><strong>1.</strong></span> 
     </span>
     <span class='ocr_line' id='line_1_10' title="bbox 296 990 434 1042; baseline 0.017 -2"><span class='ocrx_word' id='word_1_69' title='bbox 296 1005 348 1042; x_wconf 92' lang='lat' dir='ltr'><strong>v.</strong></span> <span class='ocrx_word' id='word_1_70' title='bbox 381 990 434 1042; x_wconf 74' lang='grc' dir='ltr'><strong>ὃ.</strong></span> 
     </span>
    </p>

    <p class='ocr_par' dir='ltr' id='par_1_4' title="bbox 291 1066 1767 1720">
     <span class='ocr_line' id='line_1_11' title="bbox 365 1066 1762 1142; baseline 0.001 -16"><span class='ocrx_word' id='word_1_71' title='bbox 365 1074 418 1126; x_wconf 77' lang='lat'><strong>2.</strong></span> <span class='ocrx_word' id='word_1_72' title='bbox 458 1069 694 1126; x_wconf 78' lang='lat' dir='ltr'>Obsecro</span> <span class='ocrx_word' id='word_1_73' title='bbox 711 1067 941 1139; x_wconf 66' lang='lat' dir='ltr'><strong>primum</strong></span> <span class='ocrx_word' id='word_1_74' title='bbox 960 1067 1203 1124; x_wconf 85' lang='lat' dir='ltr'><strong>omnium</strong></span> <span class='ocrx_word' id='word_1_75' title='bbox 1214 1066 1330 1124; x_wconf 84' lang='lat' dir='ltr'><strong>fieri</strong></span> <span class='ocrx_word' id='word_1_76' title='bbox 1347 1069 1762 1142; x_wconf 76' lang='lat' dir='ltr'><strong>obsecrationes,</strong></span> 
     </span>
     <span class='ocr_line' id='line_1_12' title="bbox 297 1150 1767 1224; baseline -0.002 -15"><span class='ocrx_word' id='word_1_77' title='bbox 297 1152 598 1218; x_wconf 76' lang='lat' dir='ltr'><strong>orationes,</strong></span> <span class='ocrx_word' id='word_1_78' title='bbox 633 1150 1057 1221; x_wconf 66' lang='lat' dir='ltr'><strong>postulationes»,</strong></span> <span class='ocrx_word' id='word_1_79' title='bbox 1096 1150 1391 1220; x_wconf 84' lang='lat' dir='ltr'><strong>gratiarum</strong></span> <span class='ocrx_word' id='word_1_80' title='bbox 1410 1151 1649 1207; x_wconf 70' lang='lat' dir='ltr'><strong>actiones</strong></span> <span class='ocrx_word' id='word_1_81' title='bbox 1667 1168 1767 1224; x_wconf 85' lang='lat' dir='ltr'><strong>pro</strong></span> 
     </span>
     <span class='ocr_line' id='line_1_13' title="bbox 295 1230 1767 1306; baseline -0.002 -14"><span class='ocrx_word' id='word_1_82' title='bbox 295 1235 546 1293; x_wconf 88' lang='lat' dir='ltr'><strong>omnibus</strong></span> <span class='ocrx_word' id='word_1_83' title='bbox 566 1230 901 1300; x_wconf 80' lang='lat' dir='ltr'><strong>hominibus,</strong></span> <span class='ocrx_word' id='word_1_84' title='bbox 928 1247 1029 1303; x_wconf 81' lang='lat' dir='ltr'><strong>pro</strong></span> <span class='ocrx_word' id='word_1_85' title='bbox 1050 1230 1291 1302; x_wconf 69' lang='lat' dir='ltr'><strong>regibuS,</strong></span> <span class='ocrx_word' id='word_1_86' title='bbox 1326 1236 1382 1288; x_wconf 88' lang='lat' dir='ltr'><strong>et</strong></span> <span class='ocrx_word' id='word_1_87' title='bbox 1402 1231 1653 1289; x_wconf 84' lang='lat' dir='ltr'><strong>omnibus</strong></span> <span class='ocrx_word' id='word_1_88' title='bbox 1672 1236 1767 1306; x_wconf 89' lang='lat' dir='ltr'><strong>qui</strong></span> 
     </span>
     <span class='ocr_line' id='line_1_14' title="bbox 293 1313 1765 1389; baseline 0.003 -17"><span class='ocrx_word' id='word_1_89' title='bbox 293 1318 350 1372; x_wconf 86' lang='lat' dir='ltr'><strong>in</strong></span> <span class='ocrx_word' id='word_1_90' title='bbox 384 1316 710 1375; x_wconf 82' lang='lat' dir='ltr'><strong>sublimitate</strong></span> <span class='ocrx_word' id='word_1_91' title='bbox 741 1317 904 1384; x_wconf 80' lang='lat' dir='ltr'><strong>sunt,</strong></span> <span class='ocrx_word' id='word_1_92' title='bbox 943 1320 1004 1370; x_wconf 86' lang='lat' dir='ltr'><strong>ut</strong></span> <span class='ocrx_word' id='word_1_93' title='bbox 1040 1313 1285 1385; x_wconf 82' lang='lat' dir='ltr'><strong>quietam</strong></span> <span class='ocrx_word' id='word_1_94' title='bbox 1323 1319 1377 1370; x_wconf 86' lang='lat' dir='ltr'><strong>et</strong></span> <span class='ocrx_word' id='word_1_95' title='bbox 1417 1315 1765 1389; x_wconf 75' lang='lat' dir='ltr'><strong>tranquillam</strong></span> 
     </span>
     <span class='ocr_line' id='line_1_15' title="bbox 292 1400 1766 1474; baseline 0.001 -16"><span class='ocrx_word' id='word_1_96' title='bbox 292 1404 457 1460; x_wconf 85' lang='lat' dir='ltr'><strong>vitam</strong></span> <span class='ocrx_word' id='word_1_97' title='bbox 485 1416 707 1474; x_wconf 83' lang='lat' dir='ltr'>agamus</span> <span class='ocrx_word' id='word_1_98' title='bbox 740 1400 798 1456; x_wconf 89' lang='lat' dir='ltr'><strong>in</strong></span> <span class='ocrx_word' id='word_1_99' title='bbox 843 1401 990 1458; x_wconf 86' lang='lat' dir='ltr'><strong>omni</strong></span> <span class='ocrx_word' id='word_1_100' title='bbox 1026 1401 1225 1473; x_wconf 79' lang='lat' dir='ltr'><strong>pietate</strong></span> <span class='ocrx_word' id='word_1_101' title='bbox 1259 1405 1315 1458; x_wconf 87' lang='lat' dir='ltr'><strong>et</strong></span> <span class='ocrx_word' id='word_1_102' title='bbox 1352 1401 1612 1459; x_wconf 77' lang='lat' dir='ltr'><strong>castitate.</strong></span> <span class='ocrx_word' id='word_1_103' title='bbox 1652 1405 1766 1460; x_wconf 83' lang='lat' dir='ltr'><strong>Hoc</strong></span> 
     </span>
     <span class='ocr_line' id='line_1_16' title="bbox 293 1484 1765 1553; baseline 0.001 -13"><span class='ocrx_word' id='word_1_104' title='bbox 293 1484 438 1540; x_wconf 77' lang='lat' dir='ltr'><strong>enim</strong></span> <span class='ocrx_word' id='word_1_105' title='bbox 455 1485 660 1538; x_wconf 75' lang='lat' dir='ltr'><strong>honum</strong></span> <span class='ocrx_word' id='word_1_106' title='bbox 679 1489 764 1541; x_wconf 79' lang='lat' dir='ltr'><strong>eet</strong></span> <span class='ocrx_word' id='word_1_107' title='bbox 781 1489 840 1540; x_wconf 84' lang='lat' dir='ltr'><strong>et</strong></span> <span class='ocrx_word' id='word_1_108' title='bbox 859 1489 1140 1553; x_wconf 71' lang='lat' dir='ltr'><strong>acceptum</strong></span> <span class='ocrx_word' id='word_1_109' title='bbox 1162 1499 1343 1540; x_wconf 77' lang='lat' dir='ltr'><strong>coram</strong></span> <span class='ocrx_word' id='word_1_110' title='bbox 1375 1485 1645 1542; x_wconf 70' lang='lat' dir='ltr'><strong>salvatore</strong></span> <span class='ocrx_word' id='word_1_111' title='bbox 1673 1503 1765 1542; x_wconf 89' lang='lat' dir='ltr'><strong>no·</strong></span> 
     </span>
     <span class='ocr_line' id='line_1_17' title="bbox 291 1564 1763 1635; baseline 0 -9"><span class='ocrx_word' id='word_1_112' title='bbox 291 1575 404 1626; x_wconf 81' lang='lat' dir='ltr'><strong>stro</strong></span> <span class='ocrx_word' id='word_1_113' title='bbox 425 1566 558 1634; x_wconf 83' lang='lat' dir='ltr'><strong>Deo,</strong></span> <span class='ocrx_word' id='word_1_114' title='bbox 575 1564 672 1635; x_wconf 89' lang='lat' dir='ltr'><strong>qui</strong></span> <span class='ocrx_word' id='word_1_115' title='bbox 694 1578 883 1620; x_wconf 80' lang='lat' dir='ltr'><strong>omnes</strong></span> <span class='ocrx_word' id='word_1_116' title='bbox 901 1565 1147 1621; x_wconf 77' lang='lat' dir='ltr'><strong>homines</strong></span> <span class='ocrx_word' id='word_1_117' title='bbox 1164 1565 1279 1622; x_wconf 85' lang='lat' dir='ltr'><strong>vult</strong></span> <span class='ocrx_word' id='word_1_118' title='bbox 1294 1567 1473 1624; x_wconf 78' lang='lat' dir='ltr'><strong>salvos</strong></span> <span class='ocrx_word' id='word_1_119' title='bbox 1493 1567 1609 1622; x_wconf 87' lang='lat' dir='ltr'><strong>fieri</strong></span> <span class='ocrx_word' id='word_1_120' title='bbox 1625 1571 1763 1626; x_wconf 78' lang='lat' dir='ltr'><strong>etad</strong></span> 
     </span>
     <span class='ocr_line' id='line_1_18' title="bbox 293 1644 1757 1720; baseline 0.001 -14"><span class='ocrx_word' id='word_1_121' title='bbox 293 1647 620 1720; x_wconf 80' lang='lat' dir='ltr'><strong>agnitionem</strong></span> <span class='ocrx_word' id='word_1_122' title='bbox 641 1644 884 1702; x_wconf 75' lang='lat' dir='ltr'><strong>veritatis</strong></span> <span class='ocrx_word' id='word_1_123' title='bbox 905 1644 1113 1704; x_wconf 80' lang='lat' dir='ltr'><strong>venire.</strong></span> <span class='ocrx_word' id='word_1_124' title='bbox 1138 1645 1200 1700; x_wconf 87' lang='lat' dir='ltr'><strong>C.</strong></span> <span class='ocrx_word' id='word_1_125' title='bbox 1224 1661 1289 1702; x_wconf 82' lang='grc' dir='ltr'><strong>ιι.</strong></span> <span class='ocrx_word' id='word_1_126' title='bbox 1322 1662 1377 1702; x_wconf 80' lang='lat' dir='ltr'><strong>v.</strong></span> <span class='ocrx_word' id='word_1_127' title='bbox 1406 1653 1459 1714; x_wconf 91' lang='grc'><strong>4,</strong></span> <span class='ocrx_word' id='word_1_128' title='bbox 1487 1651 1541 1718; x_wconf 79' lang='lat'><strong>2,</strong></span> <span class='ocrx_word' id='word_1_129' title='bbox 1568 1653 1603 1704; x_wconf 83' lang='lat'><strong>3</strong></span> <span class='ocrx_word' id='word_1_130' title='bbox 1626 1655 1681 1706; x_wconf 89' lang='lat' dir='ltr'><strong>et</strong></span> <span class='ocrx_word' id='word_1_131' title='bbox 1705 1654 1757 1708; x_wconf 73' lang='lat'><strong>4.</strong></span> 
     </span>
    </p>

    <p class='ocr_par' dir='ltr' id='par_1_5' title="bbox 293 1727 1761 1970">
     <span class='ocr_line' id='line_1_19' title="bbox 363 1727 1761 1798; baseline 0.001 -12"><span class='ocrx_word' id='word_1_132' title='bbox 363 1733 419 1786; x_wconf 77' lang='lat'><strong>3.</strong></span> <span class='ocrx_word' id='word_1_133' title='bbox 455 1730 608 1784; x_wconf 77' lang='lat' dir='ltr'>Unus</span> <span class='ocrx_word' id='word_1_134' title='bbox 633 1729 806 1798; x_wconf 75' lang='lat' dir='ltr'><strong>Deus,</strong></span> <span class='ocrx_word' id='word_1_135' title='bbox 844 1743 991 1784; x_wconf 76' lang='lat' dir='ltr'>unus</span> <span class='ocrx_word' id='word_1_136' title='bbox 1024 1734 1079 1783; x_wconf 90' lang='lat' dir='ltr'><strong>et</strong></span> <span class='ocrx_word' id='word_1_137' title='bbox 1107 1727 1370 1784; x_wconf 78' lang='lat' dir='ltr'><strong>mediator</strong></span> <span class='ocrx_word' id='word_1_138' title='bbox 1401 1727 1499 1784; x_wconf 89' lang='lat' dir='ltr'><strong>Dei</strong></span> <span class='ocrx_word' id='word_1_139' title='bbox 1518 1736 1570 1784; x_wconf 90' lang='lat' dir='ltr'><strong>et</strong></span> <span class='ocrx_word' id='word_1_140' title='bbox 1592 1731 1761 1788; x_wconf 86' lang='lat' dir='ltr'><strong>homi-</strong></span> 
     </span>
     <span class='ocr_line' id='line_1_20' title="bbox 295 1809 1761 1886; baseline 0 -16"><span class='ocrx_word' id='word_1_141' title='bbox 295 1830 448 1884; x_wconf 80' lang='lat' dir='ltr'><strong>num,</strong></span> <span class='ocrx_word' id='word_1_142' title='bbox 461 1813 622 1869; x_wconf 85' lang='lat' dir='ltr'><strong>homo</strong></span> <span class='ocrx_word' id='word_1_143' title='bbox 633 1810 878 1872; x_wconf 76' lang='lat' dir='ltr'><strong>christus</strong></span> <span class='ocrx_word' id='word_1_144' title='bbox 889 1813 1061 1881; x_wconf 65' lang='lat' dir='ltr'><strong>Jeme,</strong></span> <span class='ocrx_word' id='word_1_145' title='bbox 1078 1811 1171 1883; x_wconf 86' lang='lat' dir='ltr'><strong>qui</strong></span> <span class='ocrx_word' id='word_1_146' title='bbox 1184 1809 1331 1868; x_wconf 82' lang='lat' dir='ltr'><strong>dedit</strong></span> <span class='ocrx_word' id='word_1_147' title='bbox 1341 1811 1761 1886; x_wconf 80' lang='lat' dir='ltr'><strong>redemptionem</strong></span> 
     </span>
     <span class='ocr_line' id='line_1_21' title="bbox 293 1895 1448 1970; baseline -0.003 -14"><span class='ocrx_word' id='word_1_148' title='bbox 293 1904 463 1956; x_wconf 77' lang='lat' dir='ltr'><strong>semet</strong></span> <span class='ocrx_word' id='word_1_149' title='bbox 483 1899 660 1970; x_wconf 80' lang='lat' dir='ltr'><strong>ipsum</strong></span> <span class='ocrx_word' id='word_1_150' title='bbox 681 1912 778 1969; x_wconf 80' lang='lat' dir='ltr'><strong>pro</strong></span> <span class='ocrx_word' id='word_1_151' title='bbox 801 1896 1070 1954; x_wconf 81' lang='lat' dir='ltr'><strong>omnibus,</strong></span> <span class='ocrx_word' id='word_1_152' title='bbox 1098 1895 1162 1954; x_wconf 89' lang='lat' dir='ltr'><strong>V.</strong></span> <span class='ocrx_word' id='word_1_153' title='bbox 1191 1898 1225 1950; x_wconf 80' lang='grc' dir='ltr'><strong>ὅ</strong></span> <span class='ocrx_word' id='word_1_154' title='bbox 1246 1903 1302 1952; x_wconf 87' lang='lat' dir='ltr'><strong>et</strong></span> <span class='ocrx_word' id='word_1_155' title='bbox 1324 1899 1375 1952; x_wconf 84' lang='grc'><strong>6.</strong></span> <span class='ocrx_word' id='word_1_156' title='bbox 1442 1932 1448 1936; x_wconf 89' lang='lat'>-</span> 
     </span>
    </p>

    <p class='ocr_par' dir='ltr' id='par_1_6' title="bbox 291 1979 1760 2134">
     <span class='ocr_line' id='line_1_22' title="bbox 363 1979 1760 2053; baseline 0.001 -14"><span class='ocrx_word' id='word_1_157' title='bbox 363 1985 414 2038; x_wconf 72' lang='lat'><strong>4.</strong></span> <span class='ocrx_word' id='word_1_158' title='bbox 451 1982 586 2039; x_wconf 83' lang='lat' dir='ltr'><strong>Volo</strong></span> <span class='ocrx_word' id='word_1_159' title='bbox 600 1981 746 2038; x_wconf 81' lang='lat' dir='ltr'><strong>viros</strong></span> <span class='ocrx_word' id='word_1_160' title='bbox 757 1996 911 2036; x_wconf 82' lang='lat' dir='ltr'><strong>orare</strong></span> <span class='ocrx_word' id='word_1_161' title='bbox 927 1979 986 2037; x_wconf 83' lang='lat' dir='ltr'><strong>in</strong></span> <span class='ocrx_word' id='word_1_162' title='bbox 1007 1979 1157 2038; x_wconf 87' lang='lat' dir='ltr'><strong>omni</strong></span> <span class='ocrx_word' id='word_1_163' title='bbox 1174 1979 1291 2035; x_wconf 83' lang='lat' dir='ltr'><strong>loeo</strong></span> <span class='ocrx_word' id='word_1_164' title='bbox 1305 2021 1320 2048; x_wconf 90' lang='lat'>,</span> <span class='ocrx_word' id='word_1_165' title='bbox 1345 1980 1587 2038; x_wconf 77' lang='lat' dir='ltr'><strong>levantes</strong></span> <span class='ocrx_word' id='word_1_166' title='bbox 1598 1997 1760 2053; x_wconf 61' lang='grc' dir='ltr'>ραι-ω</span> 
     </span>
     <span class='ocr_line' id='line_1_23' title="bbox 291 2058 1435 2134; baseline -0.003 -14"><span class='ocrx_word' id='word_1_167' title='bbox 291 2079 511 2132; x_wconf 70' lang='lat' dir='ltr'><strong>manus,</strong></span> <span class='ocrx_word' id='word_1_168' title='bbox 535 2063 654 2121; x_wconf 79' lang='lat' dir='ltr'><strong>sine</strong></span> <span class='ocrx_word' id='word_1_169' title='bbox 675 2063 758 2120; x_wconf 63' lang='lat' dir='ltr'><strong>ira</strong></span> <span class='ocrx_word' id='word_1_170' title='bbox 779 2069 836 2118; x_wconf 87' lang='lat' dir='ltr'><strong>et</strong></span> <span class='ocrx_word' id='word_1_171' title='bbox 855 2058 1263 2134; x_wconf 78' lang='lat' dir='ltr'><strong>diseeptatione.</strong></span> <span class='ocrx_word' id='word_1_172' title='bbox 1282 2061 1353 2120; x_wconf 80' lang='lat' dir='ltr'><strong>V.</strong></span> <span class='ocrx_word' id='word_1_173' title='bbox 1380 2065 1435 2118; x_wconf 82' lang='lat'><strong>8.</strong></span> 
     </span>
    </p>

    <p class='ocr_par' dir='ltr' id='par_1_7' title="bbox 289 2144 1758 2554">
     <span class='ocr_line' id='line_1_24' title="bbox 359 2144 1758 2217; baseline 0 -13"><span class='ocrx_word' id='word_1_174' title='bbox 359 2151 416 2204; x_wconf 69' lang='grc' dir='ltr'><strong>ὅ.</strong></span> <span class='ocrx_word' id='word_1_175' title='bbox 450 2145 710 2205; x_wconf 75' lang='lat' dir='ltr'><strong>Similiter</strong></span> <span class='ocrx_word' id='word_1_176' title='bbox 731 2153 794 2202; x_wconf 86' lang='lat' dir='ltr'><strong>et·</strong></span> <span class='ocrx_word' id='word_1_177' title='bbox 811 2146 1066 2203; x_wconf 79' lang='lat' dir='ltr'><strong>mulieres</strong></span> <span class='ocrx_word' id='word_1_178' title='bbox 1088 2145 1148 2200; x_wconf 85' lang='lat' dir='ltr'><strong>in</strong></span> <span class='ocrx_word' id='word_1_179' title='bbox 1169 2144 1359 2202; x_wconf 79' lang='lat' dir='ltr'><strong>habitu</strong></span> <span class='ocrx_word' id='word_1_180' title='bbox 1384 2151 1577 2204; x_wconf 78' lang='lat' dir='ltr'><strong>ornato</strong></span> <span class='ocrx_word' id='word_1_181' title='bbox 1592 2188 1609 2217; x_wconf 88' lang='lat'><strong>,</strong></span> <span class='ocrx_word' id='word_1_182' title='bbox 1634 2161 1758 2204; x_wconf 84' lang='lat' dir='ltr'><strong>eum</strong></span> 
     </span>
     <span class='ocr_line' id='line_1_25' title="bbox 291 2231 1756 2300; baseline 0 -12"><span class='ocrx_word' id='word_1_183' title='bbox 291 2231 613 2290; x_wconf 67' lang='lat' dir='ltr'><strong>verecundie</strong></span> <span class='ocrx_word' id='word_1_184' title='bbox 650 2237 708 2287; x_wconf 87' lang='lat' dir='ltr'><strong>et</strong></span> <span class='ocrx_word' id='word_1_185' title='bbox 740 2231 1033 2288; x_wconf 72' lang='lat' dir='ltr'><strong>sobrietate</strong></span> <span class='ocrx_word' id='word_1_186' title='bbox 1070 2237 1330 2288; x_wconf 80' lang='lat' dir='ltr'><strong>ornantes</strong></span> <span class='ocrx_word' id='word_1_187' title='bbox 1362 2245 1423 2286; x_wconf 79' lang='lat' dir='ltr'><strong>ee</strong></span> <span class='ocrx_word' id='word_1_188' title='bbox 1440 2273 1455 2300; x_wconf 86' lang='lat'>,</span> <span class='ocrx_word' id='word_1_189' title='bbox 1494 2239 1550 2288; x_wconf 86' lang='lat' dir='ltr'><strong>et</strong></span> <span class='ocrx_word' id='word_1_190' title='bbox 1570 2247 1679 2288; x_wconf 90' lang='lat' dir='ltr'><strong>non</strong></span> <span class='ocrx_word' id='word_1_191' title='bbox 1700 2232 1756 2288; x_wconf 84' lang='lat' dir='ltr'><strong>in</strong></span> 
     </span>
     <span class='ocr_line' id='line_1_26' title="bbox 293 2314 1757 2382; baseline 0.001 -12"><span class='ocrx_word' id='word_1_192' title='bbox 293 2315 442 2370; x_wconf 84' lang='lat' dir='ltr'><strong>tortis</strong></span> <span class='ocrx_word' id='word_1_193' title='bbox 463 2314 722 2380; x_wconf 71' lang='lat' dir='ltr'><strong>crinibuS,</strong></span> <span class='ocrx_word' id='word_1_194' title='bbox 743 2320 842 2368; x_wconf 84' lang='lat' dir='ltr'><strong>aut</strong></span> <span class='ocrx_word' id='word_1_195' title='bbox 859 2329 1012 2380; x_wconf 82' lang='lat' dir='ltr'><strong>auro,</strong></span> <span class='ocrx_word' id='word_1_196' title='bbox 1042 2319 1137 2368; x_wconf 79' lang='lat' dir='ltr'><strong>aut</strong></span> <span class='ocrx_word' id='word_1_197' title='bbox 1156 2314 1474 2382; x_wconf 43' lang='lat' dir='ltr'><strong>margariti&amp;</strong></span> <span class='ocrx_word' id='word_1_198' title='bbox 1498 2315 1588 2372; x_wconf 83' lang='lat' dir='ltr'><strong>vel</strong></span> <span class='ocrx_word' id='word_1_199' title='bbox 1610 2321 1757 2372; x_wconf 80' lang='lat' dir='ltr'><strong>veste</strong></span> 
     </span>
     <span class='ocr_line' id='line_1_27' title="bbox 289 2393 1757 2471; baseline 0 -19"><span class='ocrx_word' id='word_1_200' title='bbox 289 2394 556 2471; x_wconf 51' lang='lat' dir='ltr'><strong>pretiosm</strong></span> <span class='ocrx_word' id='word_1_201' title='bbox 589 2395 706 2460; x_wconf 80' lang='lat' dir='ltr'><strong>sed,</strong></span> <span class='ocrx_word' id='word_1_202' title='bbox 729 2395 876 2465; x_wconf 83' lang='lat' dir='ltr'><strong>quod</strong></span> <span class='ocrx_word' id='word_1_203' title='bbox 905 2393 1061 2450; x_wconf 80' lang='lat' dir='ltr'><strong>deoet</strong></span> <span class='ocrx_word' id='word_1_204' title='bbox 1081 2393 1361 2460; x_wconf 82' lang='lat' dir='ltr'><strong>mulieres,</strong></span> <span class='ocrx_word' id='word_1_205' title='bbox 1390 2395 1757 2466; x_wconf 82' lang='lat' dir='ltr'><strong>promittentes</strong></span> 
     </span>
     <span class='ocr_line' id='line_1_28' title="bbox 291 2477 1373 2554; baseline -0.004 -18"><span class='ocrx_word' id='word_1_206' title='bbox 291 2481 544 2554; x_wconf 71' lang='lat' dir='ltr'><strong>pietatm</strong></span> <span class='ocrx_word' id='word_1_207' title='bbox 570 2493 666 2548; x_wconf 83' lang='lat' dir='ltr'><strong>per</strong></span> <span class='ocrx_word' id='word_1_208' title='bbox 681 2477 828 2534; x_wconf 81' lang='lat' dir='ltr'><strong>bona</strong></span> <span class='ocrx_word' id='word_1_209' title='bbox 844 2491 1029 2550; x_wconf 80' lang='lat' dir='ltr'><strong>opera.</strong></span> <span class='ocrx_word' id='word_1_210' title='bbox 1056 2479 1122 2535; x_wconf 87' lang='lat' dir='ltr'><strong>V.</strong></span> <span class='ocrx_word' id='word_1_211' title='bbox 1152 2481 1183 2532; x_wconf 89' lang='grc'><strong>9</strong></span> <span class='ocrx_word' id='word_1_212' title='bbox 1206 2483 1263 2534; x_wconf 86' lang='lat' dir='ltr'><strong>et</strong></span> <span class='ocrx_word' id='word_1_213' title='bbox 1284 2481 1373 2534; x_wconf 87' lang='grc'><strong>40.</strong></span> 
     </span>
    </p>

    <p class='ocr_par' dir='ltr' id='par_1_8' title="bbox 360 2559 1748 2634">
     <span class='ocr_line' id='line_1_29' title="bbox 360 2559 1748 2634; baseline -0.001 -15"><span class='ocrx_word' id='word_1_214' title='bbox 360 2565 670 2634; x_wconf 83' lang='lat' dir='ltr'><strong>6.1neptas</strong></span> <span class='ocrx_word' id='word_1_215' title='bbox 697 2567 754 2616; x_wconf 90' lang='lat' dir='ltr'><strong>et</strong></span> <span class='ocrx_word' id='word_1_216' title='bbox 773 2560 945 2621; x_wconf 78' lang='lat' dir='ltr'><strong>aniles</strong></span> <span class='ocrx_word' id='word_1_217' title='bbox 969 2559 1179 2618; x_wconf 80' lang='lat' dir='ltr'><strong>fabulas</strong></span> <span class='ocrx_word' id='word_1_218' title='bbox 1206 2559 1422 2618; x_wconf 85' lang='lat' dir='ltr'><strong>devita:</strong></span> <span class='ocrx_word' id='word_1_219' title='bbox 1452 2575 1639 2618; x_wconf 82' lang='lat' dir='ltr'><strong>exerce</strong></span> <span class='ocrx_word' id='word_1_220' title='bbox 1660 2574 1748 2617; x_wconf 78' lang='lat' dir='ltr'><strong>au-</strong></span> 
     </span>
    </p>
   </div>
   <div class='ocr_carea' id='block_1_4' title="bbox 291 2641 1848 2716">
    <p class='ocr_par' dir='ltr' id='par_1_9' title="bbox 291 2641 1848 2716">
     <span class='ocr_line' id='line_1_30' title="bbox 291 2641 1848 2716; baseline -0.004 -14"><span class='ocrx_word' id='word_1_221' title='bbox 291 2655 398 2702; x_wconf 79' lang='lat' dir='ltr'><strong>tem</strong></span> <span class='ocrx_word' id='word_1_222' title='bbox 419 2646 674 2716; x_wconf 73' lang='lat' dir='ltr'><strong>teipsum</strong></span> <span class='ocrx_word' id='word_1_223' title='bbox 707 2642 776 2704; x_wconf 85' lang='lat' dir='ltr'><strong>ed</strong></span> <span class='ocrx_word' id='word_1_224' title='bbox 800 2643 1085 2715; x_wconf 73' lang='lat' dir='ltr'><strong>pietatem</strong></span> <span class='ocrx_word' id='word_1_225' title='bbox 1071 2685 1087 2714; x_wconf 84' lang='lat'>‚</span> <span class='ocrx_word' id='word_1_226' title='bbox 1122 2644 1297 2716; x_wconf 77' lang='lat' dir='ltr'><strong>pietas</strong></span> <span class='ocrx_word' id='word_1_227' title='bbox 1316 2643 1385 2699; x_wconf 79' lang='lat' dir='ltr'><strong>ad</strong></span> <span class='ocrx_word' id='word_1_228' title='bbox 1407 2643 1588 2698; x_wconf 82' lang='lat' dir='ltr'><strong>omnia</strong></span> <span class='ocrx_word' id='word_1_229' title='bbox 1612 2641 1753 2696; x_wconf 82' lang='lat' dir='ltr'><strong>utilis</strong></span> <span class='ocrx_word' id='word_1_230' title='bbox 1843 2644 1848 2650; x_wconf 82' lang='grc'><em>’</em></span> 
     </span>
    </p>
   </div>
   <div class='ocr_carea' id='block_1_5' title="bbox 291 2723 1754 2872">
    <p class='ocr_par' dir='ltr' id='par_1_10' title="bbox 291 2723 1754 2872">
     <span class='ocr_line' id='line_1_31' title="bbox 291 2723 1754 2798; baseline -0.003 -14"><span class='ocrx_word' id='word_1_231' title='bbox 291 2735 396 2796; x_wconf 78' lang='lat' dir='ltr'><strong>eet,</strong></span> <span class='ocrx_word' id='word_1_232' title='bbox 425 2727 822 2798; x_wconf 75' lang='lat' dir='ltr'><strong>promissionem</strong></span> <span class='ocrx_word' id='word_1_233' title='bbox 854 2723 1063 2782; x_wconf 80' lang='lat' dir='ltr'><strong>habeus</strong></span> <span class='ocrx_word' id='word_1_234' title='bbox 1098 2724 1224 2782; x_wconf 79' lang='lat' dir='ltr'><strong>vitae</strong></span> <span class='ocrx_word' id='word_1_235' title='bbox 1252 2739 1373 2798; x_wconf 81' lang='lat' dir='ltr'><strong>quae</strong></span> <span class='ocrx_word' id='word_1_236' title='bbox 1394 2738 1541 2780; x_wconf 83' lang='lat' dir='ltr'><strong>nune</strong></span> <span class='ocrx_word' id='word_1_237' title='bbox 1561 2728 1677 2794; x_wconf 82' lang='lat' dir='ltr'><strong>est,</strong></span> <span class='ocrx_word' id='word_1_238' title='bbox 1703 2729 1754 2780; x_wconf 88' lang='lat' dir='ltr'><strong>et</strong></span> 
     </span>
     <span class='ocr_line' id='line_1_32' title="bbox 293 2809 984 2872; baseline 0.003 -6"><span class='ocrx_word' id='word_1_239' title='bbox 293 2810 507 2866; x_wconf 77' lang='lat' dir='ltr'><strong>futurae·</strong></span> <span class='ocrx_word' id='word_1_240' title='bbox 531 2809 692 2866; x_wconf 87' lang='lat' dir='ltr'>C.1v.</span> <span class='ocrx_word' id='word_1_241' title='bbox 722 2809 984 2872; x_wconf 64' lang='lat' dir='ltr'><strong>v.7et⁸.</strong></span> 
     </span>
    </p>
   </div>
  </div>
 </body>
</html>
