2034 3234
4 537 49 818 ’τις-«ψ-

6 1822 30 1881 ,Σς
4 1616 33 1785 ἰ-Ῡη-Ὗ-
6 1518 34 1588 “.’.’.
28 1463 29 1466 Α
25 1410 32 1419 .
27 1304 34 1317 -
29 1248 34 1259 -
29 1182 34 1205 -

431 476 982 559 MANDATUM
1042 451 1558 575 imm-oms,

320 839 421 890 Nos
457 841 683 892 Quotus
717 841 934 909 Romu,
957 847 1137 902 Reetor
1172 857 1379 906 universi
1410 862 1559 912 studii
1589 863 1725 914 Pari-

259 916 459 974 siensis,
491 919 718 966 omnibus
741 930 1002 981 praesentes
1030 927 1215 978 litteras
1236 932 1551 998 inspecturis,
1574 937 1746 990 Sua}-⁴
1847 985 1849 988 ,

257 1001 372 1040 πει.
392 989 688 1054 iampridem
715 1009 744 1046 a
765 999 906 1046 nobis
928 1003 1016 1048 viri
1042 1004 1157 1052 boni
1188 1006 1455 1067 efflagitant
1476 1020 1558 1073 ut,
1580 1028 1725 1074 quam

257 1067 480 1128 pluribus
503 1073 552 1118 in
575 1073 794 1132 collegiis
819 1077 1045 1136 privatim
1068 1081 1251 1141 aliquot
1279 1086 1575 1146 professores
1596 1091 1725 1150 piam

257 1146 654 1194 consuetudinem
691 1159 928 1209 usurpant
963 1155 1247 1212 quotidiana
1278 1157 1538 1220 Scriptum
1581 1177 1727 1212 saera!

257 1218 540 1264 recitatione
575 1232 776 1266 suorum
813 1225 976 1269 studia
1011 1231 1323 1275 consecrandi
1341 1262 1360 1288 ,
1394 1244 1501 1278 eam
1525 1247 1615 1282 nos
1634 1249 1727 1297 pu-

209 1307 230 1318 ·
255 1291 381 1338 blica
403 1298 451 1338 et
470 1294 715 1340 communi
739 1293 846 1354 iege
867 1299 1153 1349 sanciamus.
1182 1301 1238 1350 ld
1260 1305 1457 1364 quidem
1481 1309 1586 1370 ipsa
1604 1311 1724 1361 Aca-

253 1368 438 1426 demia‚
477 1367 674 1427 pietatis
721 1381 822 1418 non
859 1372 1021 1422 minus
1057 1378 1202 1436 quam
1249 1379 1479 1432 doctrina
1518 1397 1719 1446 parens,

255 1445 396 1494 tacite
433 1443 643 1502 quodam
675 1444 823 1492 modo
855 1447 1047 1508 innuit,
1081 1449 1196 1498 dum
1234 1451 1473 1514 imprimis
1501 1459 1643 1518 jubet
1662 1467 1723 1508 ut

253 1519 403 1580 pueri
426 1531 460 1568 a
481 1520 748 1582 maqistris
783 1525 833 1570 et
863 1521 1062 1572 litteras
1090 1525 1251 1574 simul
1278 1527 1475 1578 discant
1494 1537 1542 1579 et
1574 1531 1720 1581 bonis

251 1595 484 1642 moribus
515 1593 833 1644 imbuantur.
871 1595 994 1646 Hinc
1028 1601 1141 1648 stati
1164 1603 1295 1661 apud
1327 1603 1453 1654 iiiam
1478 1613 1529 1654 et
1549 1607 1719 1658 crebro

251 1669 418 1716 indicti
444 1669 576 1728 dies,
612 1670 790 1728 quibus
826 1671 1098 1721 intermissa
1133 1677 1293 1723 studia
1316 1680 1401 1726 uni
1442 1680 1719 1742 relinquunt

251 1744 416 1802 pietati
437 1745 626 1801 iocum3
652 1745 766 1790 hinc
779 1747 1012 1802 antiquus
1025 1747 1107 1792 uie
1127 1761 1235 1792 mos
1256 1751 1459 1806 singuiis
1476 1756 1527 1800 in
1544 1757 1721 1804 scholis

252 1818 426 1866 diebus
446 1817 644 1864 Sabbati
682 1830 860 1878 pueros
886 1819 1117 1868 doctrinar
1152 1820 1433 1872 Christiana
1466 1813 1741 1892 praeceptis*

250 1891 564 1948 instituend13
606 1891 716 1939 bine
757 1891 968 1954 denique
998 1893 1257 1944 laudabilis
1294 1905 1591 1952 consuetudo
1614 1906 1715 1954 ini-

251 1969 368 2019 tium
387 1973 436 2014 et
459 1968 602 2020 linem
627 1967 986 2026 praelectionum
1011 1969 1221 2019 ducendi
1246 1985 1273 2018 a
1296 1963 1577 2024 Christianis
1603 1991 1714 2039 pre-

249 2045 420 2093 cibus:
445 2043 622 2102 quibus
654 2043 696 2090 si
733 2043 940 2093 addatur
974 2045 1259 2104 quotidiana
1282 2045 1541 2109 Scriptura
1571 2064 1739 2104 sacrae.

249 2119 692 2180 quantulacumque
708 2120 922 2178 mentio,
949 2120 1044 2168 boe
1067 2119 1199 2168 velut
1216 2122 1379 2172 divino
1406 2125 1505 2172 saie
1528 2127 1711 2188 reliqua

249 2204 506 2252 puerorum
531 2193 692 2242 studia
725 2194 1031 2242 condientur.
1062 2191 1289 2244 Petamus
1308 2202 1425 2248 sane
1446 2212 1477 2246 a
1498 2201 1713 2259 profanis

245 2267 560 2327 scriptoribus
593 2269 828 2316 sermonis
851 2267 1165 2329 elegantiam,
1194 2276 1247 2318 et
1276 2273 1339 2318 ab
1368 2272 1431 2319 iis
1452 2275 1711 2326 verborum

247 2343 478 2404 optimam
500 2344 844 2402 supellectilem
869 2352 1163 2393 mutuemur.
1188 2343 1313 2394 Sunt
1334 2347 1423 2397 ista
1444 2351 1581 2410 quasi
1595 2365 1711 2412 pre—

245 2417 368 2467 tiosa
391 2432 501 2466 vasa
515 2451 532 2477 ,
556 2431 661 2476 quae
685 2419 746 2466 ab
779 2411 1019 2479 AEg'yptiis
1052 2421 1199 2469 furari
1229 2423 1333 2470 sine
1364 2424 1555 2483 piaculo
1580 2425 1707 2478 iicet.

244 2493 341 2542 Sed
365 2493 488 2541 absit
511 2499 565 2541 ut
589 2493 638 2541 in
663 2495 722 2541 iis
745 2492 1171 2557 (quemadmodum
1192 2497 1307 2549 oiim
1331 2496 1627 2558 Augustinus
1648 2503 1709 2550 de

246 2571 344 2618 suis
366 2567 610 2630 magistris
647 2571 1049 2634 conquerebatur)
1088 2576 1292 2624 incautis
1326 2577 1709 2628 adolescentibus

245 2647 406 2692 vinum
429 2644 607 2692 erroris
627 2645 690 2692 ab
713 2646 859 2693 ebriis
882 2648 1165 2696 doctoribus
1186 2651 1486 2711 propinetur.
1514 2651 1606 2711 Qui
1629 2667 1707 2702 au·

249 2728 341 2770 tem
377 2719 648 2780 poterimus
687 2719 737 2769 id
773 2721 924 2770 vitare
963 2723 1206 2784 periculi,
1248 2725 1339 2773 nisi
1382 2731 1457 2774 tot
1492 2725 1709 2787 profanis

245 2794 544 2842 ethnicorum
582 2793 833 2843 hominum
873 2798 1073 2845 vocibus
1118 2798 1355 2846 inseratur
1397 2799 1555 2848 divina
1594 2812 1703 2857 vox,

245 2867 622 2928 chrisumisque
643 2867 848 2930 sobolis,
869 2875 926 2918 ut
949 2869 1117 2931 dccet,
1139 2871 1356 2930 quotidie
1378 2872 1585 2930 intersit,
1606 2871 1702 2918 ino
