2034 3234
875 287 896 302 .
958 241 1163 310 (20)

327 367 450 420 cor;
481 358 540 408 et
569 352 726 408 bonis
769 351 925 406 amici
955 350 1195 407 consiliis
1236 350 1417 408 anima
1460 352 1788 410 dulcoratur.

394 514 519 572 227.
545 515 658 573 Viri
679 516 804 572 mali
843 532 956 571 non
993 517 1231 586 cogitant
1248 516 1541 587 judicium3
1583 517 1793 587 quieu-

327 605 438 652 tem
459 597 745 668 inquirunt
764 598 1081 664 Dominum,
1118 598 1553 654 animadvertunt
1585 597 1787 653 omnia.

328 677 388 735 C.
410 694 608 736 xxvm.
637 697 691 735 v.
721 683 774 734 5.

390 764 515 816 228.
540 762 641 827 Qui
659 761 893 816 declinat
914 777 1073 818 aures
1106 778 1233 819 suas
1273 779 1344 820 ne
1367 763 1551 820 audiat
1580 761 1785 833 legem,

325 842 492 897 oratio
515 844 631 916 ejus
651 842 754 898 erit
773 843 1133 898 exsecrabilis.
1154 845 1222 899 V.
1250 847 1301 897 9.

394 925 518 979 229.
558 923 663 990 Qui
688 923 969 978 abscondit
991 922 1199 979 scelera
1220 938 1318 978 sua
1332 963 1346 992 ,
1371 937 1481 976 non
1504 920 1786 992 dirigetur:

327 1005 418 1078 qui
445 1011 628 1060 autem
646 1005 919 1060 confessus
941 1005 1129 1073 fuerit,
1159 1010 1215 1060 et
1249 1003 1528 1076 reliquerit
1562 1018 1645 1068 ea,
1683 1000 1790 1056 mi-

325 1087 668 1145 sericordiam
687 1091 1066 1160 consequetur.
1097 1089 1161 1144 V.
1188 1091 1273 1143 ⁴3.

394 1174 520 1230 230.
557 1174 753 1228 Beatus
775 1171 937 1228 homo
957 1171 1052 1244 qui
1072 1187 1283 1242 semper
1307 1176 1390 1226 est
1403 1169 1667 1242 pavidus:
1696 1165 1789 1237 qui

327 1255 455 1308 vero
480 1257 676 1311 mentis
699 1261 779 1310 est
797 1256 975 1322 durae,
1006 1260 1219 1310 corruet
1240 1254 1295 1307 in
1328 1252 1551 1306 malum.
1578 1251 1642 1306 V.
1666 1247 1751 1301 Η.

370 1335 517 1394 ,234.
559 1333 663 1396 Qui
697 1331 940 1384 ambulat
972 1333 1286 1397 simpliciter
1318 1331 1503 1381 salvus
1532 1330 1667 1380 erit:
1697 1325 1792 1395 qui
1854 1366 1867 1378 .

325 1411 588 1481 perversis
611 1410 850 1479 graditur
872 1409 972 1465 viis
995 1409 1245 1462 concidet
1267 1409 1449 1462 semel.
1474 1409 1541 1463 V.
1572 1411 1657 1462 ⁴8.

393 1494 518 1550 232.
556 1493 648 1549 Vir
671 1491 840 1548 fidelis
863 1491 1096 1546 multum
1121 1490 1427 1546 laudabitur
1453 1510 1465 1546 z
1494 1489 1585 1562 qui
1608 1495 1787 1547 autem

325 1573 543 1631 festinat
565 1573 756 1641 ditari,
786 1569 896 1630 non
920 1573 1025 1630 erit
1058 1574 1333 1629 innocens
1367 1574 1431 1629 V.
1466 1575 1555 1630 20.

393 1659 518 1714 233.
559 1655 664 1723 Qui
693 1657 965 1728 cognoscit
989 1656 1265 1727 injudicio
1286 1655 1495 1725 faciem,
1518 1670 1627 1710 non
1648 1653 1788 1709 hene

324 1739 453 1796 facit
473 1758 488 1810 ς
517 1740 616 1797 iste
637 1745 693 1798 et
705 1757 802 1814 pro
828 1739 1073 1798 buccella
1095 1740 1249 1812 panis
1269 1739 1464 1796 deserit
1485 1737 1764 1794 veritatem

375 1859 392 1874 .
458 1826 506 1874 Ι.

325 1821 372 1876 V
393 1825 518 1952 224.
547 1897 650 1961 Qui
671 1898 892 1967 corripit
915 1899 1186 1950 hominem
1207 1938 1220 1964 ,
1248 1901 1474 1966 gratiam
1499 1907 1684 1968 postea
1708 1899 1794 1953 inm

324 1978 516 2049 veniet)
535 1977 680 2050 apud
707 1993 830 2033 eum
865 1982 1033 2048 magis
1057 1977 1220 2048 quam
1241 1975 1330 2031 ille
1360 1978 1453 2046 qui
1474 1993 1570 2048 per
1591 1977 1788 2048 linguae

323 2063 688 2121 blandimenta
711 2062 929 2134 decipit.
955 2062 1021 2119 V.
1046 2062 1134 2115 23.

391 2147 517 2198 235.
551 2142 661 2207 Qui
679 2143 947 2196 subtrahit
960 2141 1164 2209 aliquid
1185 2154 1218 2194 a
1240 2144 1393 2210 patre
1408 2153 1506 2195 suo
1529 2145 1585 2193 et
1620 2154 1651 2194 a
1674 2154 1784 2194 ma·

323 2234 430 2296 tre,
459 2231 516 2280 et
557 2225 689 2279 dicit
728 2225 831 2278 hoc
868 2241 978 2279 non
1015 2239 1132 2279 esse
1168 2215 1491 2294 peccatum‚'
1520 2225 1785 2294 particeps

322 2307 602 2364 homicidae
623 2311 721 2362 est.
745 2308 809 2364 V.
832 2309 920 2364 24.

389 2395 514 2449 236.
563 2391 664 2459 Qui
707 2390 927 2447 confidit
967 2391 1025 2445 in
1073 2389 1234 2446 corde
1271 2405 1389 2456 suo,
1432 2387 1623 2446 stultus
1664 2393 1780 2442 est:

325 2473 418 2543 qui
461 2480 644 2530 autem
667 2474 933 2542 ,graditur
969 2473 1269 2542 sapienter,
1316 2473 1432 2542 ipse
1474 2469 1782 2528 salvabitur.

391 2637 517 2692 237.
553 2634 680 2691 Viro
705 2635 798 2704 qui
821 2634 1201 2704 corripientem
1236 2633 1373 2688 dura
1412 2629 1621 2686 cervice
1652 2644 1784 2685 con·

322 2717 540 2785 temnit,
587 2716 904 2786 repentinus
943 2715 994 2770 ei
1040 2713 1382 2786 superveniet
1419 2711 1699 2783 interitus;
1733 2716 1783 2768 et

323 2815 445 2859 eum
466 2798 672 2856 sanitas
693 2815 803 2856 non
819 2803 1094 2869 sequetur.
1122 2795 1181 2853 C.
1203 2809 1355 2853 xxix.
1389 2810 1444 2851 v.
1475 2795 1527 2850 1.
