2034 3234
866 258 1075 338 (⁷⁷)

299 379 354 434 9.
391 375 622 443 Fratres,
663 377 760 434 etsi
801 381 1207 450 praeoccupatus
1245 375 1403 434 fuerit
1438 374 1599 432 homo
1642 389 1699 430 in

230 458 644 532 aliquodelicto,
663 475 778 526 vos,
801 460 892 530 qui
907 461 1213 532 spirituales
1232 462 1377 527 estis,
1394 457 1697 532 hujusmodi

231 543 476 602 instruite
498 544 553 600 in
575 545 764 617 spiritu
782 544 1035 615 lenitatis,
1054 544 1403 602 considerans
1424 541 1690 615 teipsum,

231 641 300 684 ne
325 634 382 684 et
405 634 463 683 tu
487 627 727 683 tenteris.
754 627 813 682 C.
839 641 917 682 vr.
941 643 998 684 v.
1027 630 1080 682 4.

301 714 387 765 4ο.
427 712 576 765 Alter
597 710 815 765 alterius
837 725 1001 766 onera
1026 715 1257 782 portate,
1276 715 1336 767 et
1355 707 1436 766 sie
1448 707 1702 780 adimple-

230 792 356 848 bitis
377 791 548 861 legem
565 791 776 848 Christi.
800 793 866 848 V.
893 795 953 849 2.

301 878 388 931 44.
427 874 606 931 Nolite
647 891 830 932 errare
862 892 878 932 z
928 877 1075 932 Deus
1116 891 1227 931 non
1262 872 1531 930 irridetur.
1565 875 1703 942 Quoe

231 958 374 1015 enim
396 958 740 1014 seminaverit
772 961 953 1029 homo,
982 961 1101 1014 baee
1122 965 1179 1015 et
1206 963 1387 1012 metet.
1419 959 1482 1013 V.
1510 956 1546 1008 7
1568 963 1623 1012 et
1644 960 1699 1012 8.

304 1043 393 1097 ⁴2.
430 1043 636 1097 Bonum
670 1041 928 1097 facientes
949 1056 1059 1096 non
1088 1040 1399 1096 deficiamus
1424 1057 1437 1093 z
1466 1046 1703 1110 tempore

233 1123 378 1179 enim
395 1137 494 1178 suo
521 1128 781 1179 metemus
804 1138 913 1178 non
937 1121 1267 1178 deficientes,
1295 1123 1358 1177 V.
1388 1125 1441 1176 9.
1470 1179 1481 1186 ,

304 1209 391 1259 43.
429 1204 556 1260 Mihi
595 1205 738 1260 absit
783 1205 996 1276 gloriari
1038 1206 1141 1260 nisi
1190 1204 1248 1259 in
1295 1217 1457 1258 cruce
1492 1201 1703 1257 Domini

234 1289 401 1345 nostri
423 1291 547 1344 Jesu
573 1287 781 1357 Christi,
813 1303 912 1360 per
934 1302 1096 1360 quem
1120 1286 1250 1342 mihi
1271 1286 1511 1342 mundus
1530 1283 1701 1342 eruci-

235 1372 370 1429 fixus
391 1379 490 1443 est,
520 1380 576 1429 et
599 1388 700 1445 ego
721 1371 944 1430 mundo.
968 1372 1036 1428 V.
1063 1373 1150 1426 44.

234 1583 512 1636 nAxfflEs
545 1577 766 1634 Tlnms
795 1583 880 1633 mr.
909 1575 1189 1633 L’EPITRE
1219 1583 1301 1633 m:
1332 1581 1511 1635 stum·
1540 1580 1702 1633 PAm,

713 1657 842 1710 Aux
871 1648 1227 1708 EPRESOENS.

297 1767 374 1818 Au
397 1768 542 1814 soi-tir
564 1767 626 1814 de
649 1765 904 1825 cerinum,
941 1767 1006 1812 ou
1036 1765 1071 1812 il
1104 1765 1232 1812 avait
1265 1765 1344 1811 ete
1378 1763 1625 1823 poursuivi
1656 1769 1708 1812 et

236 1846 404 1898 accuse
423 1857 509 1905 par
532 1844 604 1892 les
625 1841 768 1904 Juiss,
787 1843 912 1890 saint
931 1841 1049 1890 Paul
1070 1855 1122 1890 se
1146 1842 1304 1889 rendit
1326 1843 1354 1888 ὲ
1378 1829 1584 1901 Ephesii,
1599 1842 1707 1890 ville

235 1923 298 1970 de
330 1919 477 1968 l’Asie
496 1919 731 1980 minente,
756 1921 876 1967 dans
897 1917 1082 1966 l’lonie.
1109 1919 1149 1966 11
1173 1929 1203 1978 y
1225 1918 1455 1965 demeum
1476 1917 1597 1964 trois
1620 1929 1705 1965 ans

235 1997 432 2057 entier-s,
468 1999 670 2058 operant
700 1997 887 2058 chaque
923 1996 1039 2054 jour
1073 1994 1134 2041 de
1167 1993 1479 2040 nombreuses
1508 2003 1707 2040 eonver-

235 2075 386 2128 sions‚
422 2075 472 2117 et
506 2073 726 2130 toujours
749 2081 809 2116 en
831 2069 972 2116 butte
1006 2079 1103 2115 aux
1125 2068 1461 2127 persecutionis
1494 2067 1567 2114 les
1594 2067 1705 2125 plus

236 2146 450 2195 eruesses.

307 2265 362 2317 4.
397 2261 456 2315 In
503 2275 610 2331 quo
634 2261 650 2292 ¹
688 2259 951 2315 habemus
985 2259 1406 2329 redemptionem
1449 2271 1547 2328 per
1580 2271 1703 2314 san-

239 2344 454 2415 guinem
482 2344 614 2411 ejus,
641 2343 1009 2396 remissionem
1036 2346 1377 2412 peecatorum
1409 2341 1705 2398 secundom

240 2425 454 2484 divitias
475 2422 662 2494 gratiae
683 2424 815 2492 ejus.
845 2421 904 2478 C.
924 2439 966 2476 1.
985 2437 1042 2478 v.
1070 2424 1125 2480 7.

308 2511 362 2566 2.
404 2507 584 2576 Quum
619 2521 856 2562 essemus
895 2505 1090 2561 mortui
1135 2503 1388 2578 peccati3‚
1438 2501 1707 2560 convivifi-

241 2591 384 2647 cavit
404 2606 503 2647 nos
526 2590 581 2644 in
609 2589 836 2656 Christo,
863 2591 1014 2660 eujus
1044 2586 1216 2660 gratia
1240 2589 1369 2644 estis
1398 2587 1622 2646 salvati:
1651 2594 1707 2644 et

241 2674 344 2730 hoc
369 2689 478 2728 non
513 2689 581 2731 ex
609 2671 782 2742 vobiS‚
817 2672 912 2729 Dei
944 2671 1088 2728 enim
1114 2671 1315 2727 donum
1342 2681 1453 2736 est;
1493 2686 1601 2725 non
1640 2685 1703 2725 ex

243 2755 512 2832 operibus,
539 2763 692 2814 utne
723 2755 844 2830 quis
863 2753 1139 2828 glorietur.
1166 2753 1225 2811 C.
1259 2770 1321 2809 11.
1348 2769 1403 2809 v.
1432 2755 1483 2821 5,
1514 2757 1543 2808 8
1570 2757 1627 2809 et
1647 2755 1701 2809 9.

1390 2845 1409 2870 Ι

297 2876 340 2912 1.
359 2864 674 2912 lesus-Christ.
