2034 3234
917 231 1119 303 (84)

353 349 407 405 ⁷.
447 349 501 405 Si
530 347 652 420 quis
686 361 905 403 suorum
923 390 940 418 ‚
977 353 1035 404 et
1054 348 1285 404 maxime
1306 347 1739 416 domesticorum,

283 447 466 490 curam
489 448 594 488 non
620 431 800 496 habet,
828 430 987 488 fidem
1007 432 1243 504 negavit,
1264 439 1320 488 et
1335 439 1419 489 est
1439 429 1641 490 infideli
1656 433 1748 489 de-

283 513 460 568 terior.
481 513 537 568 C.
565 528 622 568 v.
646 528 699 567 v.
729 516 780 567 8.

352 601 404 652 8.
443 597 544 666 Qui
567 595 708 653 bene
730 606 967 669 praesunt
990 595 1309 670 presbyteri,
1330 597 1526 672 duplici
1544 600 1748 656 honore

283 681 427 752 digni
453 681 768 746 habeantur,
796 682 1023 738 maxime
1045 682 1136 753 qui
1162 682 1409 739 laborant
1428 682 1482 738 in
1507 684 1672 740 verbo
1697 691 1751 740 et

284 763 545 818 doctrina,
575 764 710 816 Dicit
727 764 866 816 enim
891 765 1169 835 Scriptura
1196 782 1208 818 :
1236 765 1437 837 Dignus
1458 770 1539 821 est
1560 782 1750 839 opera-

283 847 393 902 rius
415 847 658 901 mercede
681 843 798 900 sud.
823 845 888 900 V.
919 847 984 897 47
1009 852 1062 899 et
1086 848 1169 898 48.

352 935 403 985 9.
435 929 536 997 Ουί
560 929 751 984 volunt
772 928 960 982 divites
985 927 1101 982 {ieri
1128 926 1378 982 incidunt
1404 925 1462 981 in
1494 927 1745 981 tentatio-

287 1025 407 1064 nem
441 1016 494 1063 et
530 1010 584 1063 in
627 1010 879 1079 laqueum
919 1008 1152 1077 diaboli,
1196 1015 1251 1064 et
1286 1010 1550 1066 desideria
1585 1009 1748 1064 multa

284 1089 494 1144 inutilia
516 1096 572 1144 et
593 1091 802 1155 nociva,
832 1107 957 1161 quae
975 1098 1223 1162 mergunt
1238 1091 1479 1148 homines
1497 1092 1551 1146 in
1572 1091 1748 1147 interi-

285 1177 400 1225 tum
424 1178 478 1226 et
495 1171 864 1243 perditionem.
889 1173 948 1228 C.
975 1189 1057 1228 v1.
1085 1188 1140 1227 v.
1170 1175 1225 1228 9.

357 1260 378 1311 4
393 1263 444 1312 o.
483 1257 650 1313 Radix
667 1257 902 1313 omnium
917 1259 1177 1314 malorum
1194 1262 1277 1313 est
1288 1257 1569 1328 cupiditas,
1588 1270 1749 1327 quam

285 1335 502 1408 quidam
521 1349 852 1409 appetentes,
896 1349 1213 1397 erraverunt
1236 1355 1270 1396 a
1294 1340 1418 1408 fide,
1442 1347 1497 1397 et
1514 1341 1745 1395 inserue-

292 1423 413 1471 runt
429 1432 488 1471 se
503 1419 772 1473 doloribus
795 1422 999 1477 multis.
1026 1424 1090 1478 V.
1122 1426 1211 1476 40.

356 1503 443 1554 44.
479 1499 746 1557 Divitibus
767 1501 926 1576 hujus
945 1505 1129 1560 saecuii
1150 1505 1382 1578 praecipe
1394 1521 1502 1563 non
1526 1505 1747 1561 sublime

287 1599 499 1654 sapere,
530 1598 704 1654 neque
734 1601 950 1656 sperare
981 1589 1040 1643 in
1065 1590 1268 1645 incerto
1294 1590 1626 1658 divitiarum,
1652 1589 1746 1644 sed

291 1667 341 1722 in
364 1667 471 1722 Deo
497 1666 622 1723 vivo
639 1710 652 1735 ,
685 1668 776 1739 qui
801 1675 1022 1740 praestat
1046 1672 1201 1727 nobis
1234 1671 1415 1726 omnia
1438 1671 1653 1727 abunde
1682 1673 1747 1728 ad

295 1747 570 1805 fruendum
597 1767 612 1820 ς
651 1750 790 1806 bene
807 1767 994 1823 agere,
1022 1755 1213 1810 divites
1236 1754 1348 1811 fieri
1372 1753 1426 1809 in
1450 1752 1606 1808 bonis
1627 1771 1751 1827 ope·

293 1829 452 1896 ribus,
479 1831 634 1888 facite
652 1833 916 1901 tribuere,
947 1837 1362 1905 communicare,
1392 1835 1751 1894 thesaurizare

293 1911 389 1969 sibi
417 1913 818 1968 fundamentum
845 1915 1047 1970 bonum
1078 1917 1134 1969 in
1162 1917 1397 1972 futurum
1416 1959 1431 1986 ,
1470 1928 1531 1976 ut
1558 1937 1749 1993 appre-

291 1993 529 2052 herdant
547 2011 729 2053 veram
751 1997 935 2055 vitam.
960 2000 1027 2057 V.
1050 2003 1137 2069 ⁴7,
1160 2004 1224 2056 48
1242 2007 1298 2056 et
1321 2006 1409 2058 49.

359 2082 442 2136 42.
481 2080 600 2135 Non
623 2079 769 2136 dedit
791 2083 948 2140 nobis
967 2085 1111 2140 Deus
1129 2087 1376 2156 spiritum
1394 2086 1624 2156 timori8‚
1652 2090 1749 2144 sed

290 2161 498 2214 virtutis
534 2168 588 2214 et
623 2161 921 2217 dilectionis
959 2173 1015 2219 et
1045 2167 1353 2225 sobrietatis
1380 2191 1392 2226 :
1424 2172 1530 2226 noli
1566 2171 1750 2242 itaque

287 2247 602 2297 erubescere
627 2241 991 2300 testimonium
1015 2247 1229 2303 Domini
1262 2253 1449 2308 nostri.
1474 2241 1652 2322 Epitre
1676 2252 1743 2306 Π.

285 2339 333 2381 c.
360 2343 379 2382 1
431 2343 484 2382 v.
509 2330 544 2384 7
563 2332 619 2382 et
645 2330 698 2381 8.

356 2417 380 2466 4
395 2414 422 2468 ³
432 2452 444 2466 .
481 2412 686 2468 Labora
700 2412 841 2467 sicut
851 2413 1027 2471 bonus
1037 2417 1191 2473 miles
1204 2417 1397 2476 Christi
1412 2421 1535 2476 Jesu
1554 2437 1567 2475 z
1590 2437 1745 2481 nemo

287 2495 521 2550 militans
533 2498 640 2551 Deo
658 2495 897 2566 implicat
908 2513 971 2554 se
987 2500 1213 2570 negotiis
1230 2502 1592 2569 saecularibus,
1612 2509 1677 2556 ut
1698 2505 1745 2558 ei

287 2580 497 2650 placeat
515 2579 599 2631 cui
624 2593 681 2632 se
703 2579 966 2650 probavit.
995 2583 1058 2638 C.
1086 2599 1148 2639 n.
1166 2601 1223 2640 v.
1244 2591 1275 2638 3
1298 2591 1355 2640 et
1374 2587 1426 2638 4.

359 2661 444 2715 44.
483 2658 537 2716 Si
569 2661 882 2716 commortui
928 2677 1112 2721 sumus
1132 2708 1147 2735 ,
1190 2673 1247 2724 et
1284 2664 1627 2721 convivemus
1645 2683 1660 2735 3
1698 2668 1742 2724 si

288 2743 641 2812 sustinemus,
680 2749 734 2798 et
765 2749 1237 2818 cor-regnabimus3
1272 2747 1318 2801 si
1344 2748 1737 2817 negaverimus,

289 2831 344 2880 et
366 2825 454 2880 ille
471 2826 688 2895 negabit
709 2842 825 2882 noS.
861 2830 922 2886 V.
950 2835 1008 2884 44
1040 2835 1094 2886 et
1114 2831 1201 2884 42.
