<?xml version="1.0" encoding="UTF-8"?>
<!DOCTYPE html PUBLIC "-//W3C//DTD XHTML 1.0 Transitional//EN"
    "http://www.w3.org/TR/xhtml1/DTD/xhtml1-transitional.dtd">
<html xmlns="http://www.w3.org/1999/xhtml" xml:lang="en" lang="en">
 <head>
  <title>
</title>
<meta http-equiv="Content-Type" content="text/html;charset=utf-8" />
  <meta name='ocr-system' content='tesseract 3.04.00' />
  <meta name='ocr-capabilities' content='ocr_page ocr_carea ocr_par ocr_line ocrx_word'/>
</head>
<body>
  <div class='ocr_page' id='page_1' title='image "./maximestiresdel00rollgoog/maximestiresdel00rollgoog_0102.png"; bbox 0 0 2034 3234; ppageno 0'>
   <div class='ocr_carea' id='block_1_1' title="bbox 907 207 1113 278">
    <p class='ocr_par' dir='ltr' id='par_1_1' title="bbox 907 207 1113 278">
     <span class='ocr_line' id='line_1_1' title="bbox 907 207 1113 278; baseline 0.019 -4"><span class='ocrx_word' id='word_1_1' title='bbox 907 207 1113 278; x_wconf 77' lang='grc'>(02)</span> 
     </span>
    </p>
   </div>
   <div class='ocr_carea' id='block_1_2' title="bbox 281 320 1751 478">
    <p class='ocr_par' dir='ltr' id='par_1_2' title="bbox 281 320 1751 478">
     <span class='ocr_line' id='line_1_2' title="bbox 281 320 1751 396; baseline 0.001 -19"><span class='ocrx_word' id='word_1_2' title='bbox 281 320 384 378; x_wconf 76' lang='lat' dir='ltr'><strong>viae</strong></span> <span class='ocrx_word' id='word_1_3' title='bbox 401 335 535 388; x_wconf 76' lang='lat' dir='ltr'>suoe,</span> <span class='ocrx_word' id='word_1_4' title='bbox 559 320 794 380; x_wconf 79' lang='lat' dir='ltr'><strong>salvabit</strong></span> <span class='ocrx_word' id='word_1_5' title='bbox 813 322 1047 378; x_wconf 87' lang='lat' dir='ltr'><strong>animam</strong></span> <span class='ocrx_word' id='word_1_6' title='bbox 1068 323 1187 393; x_wconf 81' lang='lat' dir='ltr'><strong>ejus</strong></span> <span class='ocrx_word' id='word_1_7' title='bbox 1208 338 1239 376; x_wconf 88' lang='grc'><strong>3</strong></span> <span class='ocrx_word' id='word_1_8' title='bbox 1264 327 1452 393; x_wconf 86' lang='lat' dir='ltr'><strong>morte,</strong></span> <span class='ocrx_word' id='word_1_9' title='bbox 1468 327 1525 378; x_wconf 88' lang='lat' dir='ltr'><strong>et</strong></span> <span class='ocrx_word' id='word_1_10' title='bbox 1544 320 1751 396; x_wconf 86' lang='lat' dir='ltr'><strong>operiet</strong></span> 
     </span>
     <span class='ocr_line' id='line_1_3' title="bbox 281 403 1455 478; baseline 0.005 -20"><span class='ocrx_word' id='word_1_11' title='bbox 281 403 674 460; x_wconf 78' lang='lat' dir='ltr'><strong>multitudinem</strong></span> <span class='ocrx_word' id='word_1_12' title='bbox 697 413 1056 478; x_wconf 81' lang='lat' dir='ltr'><strong>peccatorum.</strong></span> <span class='ocrx_word' id='word_1_13' title='bbox 1086 405 1149 461; x_wconf 88' lang='lat' dir='ltr'><strong>V.</strong></span> <span class='ocrx_word' id='word_1_14' title='bbox 1177 407 1243 460; x_wconf 92' lang='grc'><strong>19</strong></span> <span class='ocrx_word' id='word_1_15' title='bbox 1266 409 1321 461; x_wconf 84' lang='lat' dir='ltr'><strong>et</strong></span> <span class='ocrx_word' id='word_1_16' title='bbox 1339 407 1426 462; x_wconf 80' lang='lat'><strong>20.</strong></span> <span class='ocrx_word' id='word_1_17' title='bbox 1442 441 1455 464; x_wconf 60' lang='grc' dir='ltr'><em>ι</em></span> 
     </span>
    </p>
   </div>
   <div class='ocr_carea' id='block_1_3' title="bbox 879 537 1146 554">
    <p class='ocr_par' dir='ltr' id='par_1_3' title="bbox 879 537 1146 554">
     <span class='ocr_line' id='line_1_4' title="bbox 879 537 1146 554; baseline 0 0"><span class='ocrx_word' id='word_1_18' title='bbox 879 537 1146 554; x_wconf 95' lang='lat' dir='ltr'><strong> </strong></span> 
     </span>
    </p>
   </div>
   <div class='ocr_carea' id='block_1_4' title="bbox 279 623 1747 687">
    <p class='ocr_par' dir='ltr' id='par_1_4' title="bbox 279 623 1747 687">
     <span class='ocr_line' id='line_1_5' title="bbox 279 623 1747 687; baseline 0 -1"><span class='ocrx_word' id='word_1_19' title='bbox 279 633 556 686; x_wconf 71' lang='grc' dir='ltr'>ΜΑΧῙΜΕὸ</span> <span class='ocrx_word' id='word_1_20' title='bbox 569 623 786 684; x_wconf 73' lang='lat' dir='ltr'><strong>TIREES</strong></span> <span class='ocrx_word' id='word_1_21' title='bbox 800 632 914 683; x_wconf 82' lang='lat' dir='ltr'><strong>DES</strong></span> <span class='ocrx_word' id='word_1_22' title='bbox 935 625 1195 684; x_wconf 79' lang='lat' dir='ltr'>EPITRES</span> <span class='ocrx_word' id='word_1_23' title='bbox 1209 634 1291 684; x_wconf 85' lang='lat' dir='ltr'><strong>DE</strong></span> <span class='ocrx_word' id='word_1_24' title='bbox 1306 633 1483 684; x_wconf 78' lang='lat' dir='ltr'><strong>SAINT</strong></span> <span class='ocrx_word' id='word_1_25' title='bbox 1506 633 1747 687; x_wconf 74' lang='lat' dir='ltr'><strong>PlERRE.</strong></span> 
     </span>
    </p>
   </div>
   <div class='ocr_carea' id='block_1_5' title="bbox 274 747 1752 1559">
    <p class='ocr_par' dir='ltr' id='par_1_5' title="bbox 274 747 1752 1559">
     <span class='ocr_line' id='line_1_6' title="bbox 339 747 1752 814; baseline 0.005 -17"><span class='ocrx_word' id='word_1_26' title='bbox 339 749 474 798; x_wconf 79' lang='lat' dir='ltr'><strong>Salnt</strong></span> <span class='ocrx_word' id='word_1_27' title='bbox 497 747 678 807; x_wconf 80' lang='lat' dir='ltr'><strong>Pierre,</strong></span> <span class='ocrx_word' id='word_1_28' title='bbox 715 750 816 796; x_wconf 86' lang='lat' dir='ltr'><strong>l&#39;un</strong></span> <span class='ocrx_word' id='word_1_29' title='bbox 856 751 944 796; x_wconf 81' lang='lat' dir='ltr'><strong>des</strong></span> <span class='ocrx_word' id='word_1_30' title='bbox 979 749 1136 797; x_wconf 73' lang='lat' dir='ltr'><strong>doute</strong></span> <span class='ocrx_word' id='word_1_31' title='bbox 1168 752 1363 814; x_wconf 78' lang='lat' dir='ltr'><strong>apotres</strong></span> <span class='ocrx_word' id='word_1_32' title='bbox 1383 757 1432 799; x_wconf 88' lang='lat' dir='ltr'><strong>et</strong></span> <span class='ocrx_word' id='word_1_33' title='bbox 1464 753 1509 800; x_wconf 84' lang='lat' dir='ltr'><strong>ie</strong></span> <span class='ocrx_word' id='word_1_34' title='bbox 1542 753 1752 813; x_wconf 77' lang='lat' dir='ltr'><strong>premier</strong></span> 
     </span>
     <span class='ocr_line' id='line_1_7' title="bbox 278 821 1748 884; baseline 0.002 -12"><span class='ocrx_word' id='word_1_35' title='bbox 278 823 480 884; x_wconf 80' lang='lat' dir='ltr'><strong>disclpie</strong></span> <span class='ocrx_word' id='word_1_36' title='bbox 513 825 574 872; x_wconf 82' lang='lat' dir='ltr'><strong>de</strong></span> <span class='ocrx_word' id='word_1_37' title='bbox 611 821 933 870; x_wconf 73' lang='lat' dir='ltr'><strong>lesus-Christ</strong></span> <span class='ocrx_word' id='word_1_38' title='bbox 951 857 966 879; x_wconf 83' lang='grc'>,</span> <span class='ocrx_word' id='word_1_39' title='bbox 1015 826 1194 882; x_wconf 71' lang='lat' dir='ltr'><strong>precha</strong></span> <span class='ocrx_word' id='word_1_40' title='bbox 1238 825 1284 872; x_wconf 84' lang='lat' dir='ltr'><strong>le</strong></span> <span class='ocrx_word' id='word_1_41' title='bbox 1330 827 1680 874; x_wconf 84' lang='lat' dir='ltr'><strong>christianisme</strong></span> <span class='ocrx_word' id='word_1_42' title='bbox 1722 831 1748 876; x_wconf 75' lang='grc'><strong>3</strong></span> 
     </span>
     <span class='ocr_line' id='line_1_8' title="bbox 277 897 1746 960; baseline 0 -13"><span class='ocrx_word' id='word_1_43' title='bbox 277 897 537 947; x_wconf 75' lang='lat' dir='ltr'><strong>Jerusalem</strong></span> <span class='ocrx_word' id='word_1_44' title='bbox 575 901 778 946; x_wconf 74' lang='lat' dir='ltr'><strong>aussitOt</strong></span> <span class='ocrx_word' id='word_1_45' title='bbox 808 900 950 958; x_wconf 68' lang='lat' dir='ltr'><strong>apres</strong></span> <span class='ocrx_word' id='word_1_46' title='bbox 981 897 1026 944; x_wconf 85' lang='lat' dir='ltr'><strong>la</strong></span> <span class='ocrx_word' id='word_1_47' title='bbox 1050 897 1275 945; x_wconf 85' lang='lat' dir='ltr'><strong>descente</strong></span> <span class='ocrx_word' id='word_1_48' title='bbox 1310 899 1377 946; x_wconf 91' lang='lat' dir='ltr'><strong>du</strong></span> <span class='ocrx_word' id='word_1_49' title='bbox 1413 897 1746 960; x_wconf 80' lang='lat' dir='ltr'><strong>saint-Esprit.</strong></span> 
     </span>
     <span class='ocr_line' id='line_1_9' title="bbox 277 969 1746 1032; baseline 0 -12"><span class='ocrx_word' id='word_1_50' title='bbox 277 974 445 1020; x_wconf 66' lang='lat' dir='ltr'><strong>Arrete</strong></span> <span class='ocrx_word' id='word_1_51' title='bbox 471 986 557 1032; x_wconf 87' lang='lat' dir='ltr'><strong>par</strong></span> <span class='ocrx_word' id='word_1_52' title='bbox 580 975 721 1020; x_wconf 82' lang='lat' dir='ltr'><strong>ordre</strong></span> <span class='ocrx_word' id='word_1_53' title='bbox 746 974 809 1020; x_wconf 88' lang='lat' dir='ltr'><strong>du</strong></span> <span class='ocrx_word' id='word_1_54' title='bbox 837 973 907 1020; x_wconf 86' lang='lat' dir='ltr'><strong>roi</strong></span> <span class='ocrx_word' id='word_1_55' title='bbox 935 969 1122 1018; x_wconf 72' lang='lat' dir='ltr'><strong>Herode</strong></span> <span class='ocrx_word' id='word_1_56' title='bbox 1147 973 1384 1032; x_wconf 79' lang='lat' dir='ltr'><strong>Agrippa,</strong></span> <span class='ocrx_word' id='word_1_57' title='bbox 1422 973 1454 1021; x_wconf 99' lang='grc'><strong>11</strong></span> <span class='ocrx_word' id='word_1_58' title='bbox 1491 973 1564 1021; x_wconf 85' lang='lat' dir='ltr'><strong>fut</strong></span> <span class='ocrx_word' id='word_1_59' title='bbox 1598 977 1746 1020; x_wconf 87' lang='lat' dir='ltr'><strong>mira-</strong></span> 
     </span>
     <span class='ocr_line' id='line_1_10' title="bbox 280 1039 1747 1108; baseline -0.001 -11"><span class='ocrx_word' id='word_1_60' title='bbox 280 1047 609 1098; x_wconf 81' lang='lat' dir='ltr'><strong>culcuscment</strong></span> <span class='ocrx_word' id='word_1_61' title='bbox 651 1049 741 1095; x_wconf 72' lang='lat' dir='ltr'><strong>tire</strong></span> <span class='ocrx_word' id='word_1_62' title='bbox 783 1050 842 1094; x_wconf 87' lang='lat' dir='ltr'><strong>de</strong></span> <span class='ocrx_word' id='word_1_63' title='bbox 873 1061 923 1094; x_wconf 86' lang='lat' dir='ltr'><strong>sa</strong></span> <span class='ocrx_word' id='word_1_64' title='bbox 965 1049 1163 1108; x_wconf 81' lang='lat' dir='ltr'><strong>prison,</strong></span> <span class='ocrx_word' id='word_1_65' title='bbox 1211 1049 1301 1094; x_wconf 88' lang='grc'>3113</span> <span class='ocrx_word' id='word_1_66' title='bbox 1340 1047 1514 1096; x_wconf 77' lang='lat' dir='ltr'><strong>sonder</strong></span> <span class='ocrx_word' id='word_1_67' title='bbox 1558 1039 1747 1106; x_wconf 68' lang='lat' dir='ltr'><strong>l&#39;ssglisc</strong></span> 
     </span>
     <span class='ocr_line' id='line_1_11' title="bbox 280 1115 1747 1186; baseline -0.002 -10"><span class='ocrx_word' id='word_1_68' title='bbox 280 1129 590 1186; x_wconf 78' lang='lat' dir='ltr'><strong>d’Antiocbe,</strong></span> <span class='ocrx_word' id='word_1_69' title='bbox 617 1127 792 1186; x_wconf 77' lang='lat' dir='ltr'><strong>precha</strong></span> <span class='ocrx_word' id='word_1_70' title='bbox 828 1115 1093 1185; x_wconf 76' lang='lat' dir='ltr'><strong>i&#39;Evangiie</strong></span> <span class='ocrx_word' id='word_1_71' title='bbox 1123 1125 1242 1173; x_wconf 85' lang='lat' dir='ltr'><strong>dans</strong></span> <span class='ocrx_word' id='word_1_72' title='bbox 1278 1125 1421 1173; x_wconf 83' lang='lat' dir='ltr'><strong>l&#39;Asie</strong></span> <span class='ocrx_word' id='word_1_73' title='bbox 1447 1125 1676 1184; x_wconf 83' lang='lat' dir='ltr'><strong>Mineure,</strong></span> <span class='ocrx_word' id='word_1_74' title='bbox 1698 1129 1747 1173; x_wconf 80' lang='lat' dir='ltr'><strong>et</strong></span> 
     </span>
     <span class='ocr_line' id='line_1_12' title="bbox 278 1200 1749 1262; baseline -0.001 -12"><span class='ocrx_word' id='word_1_75' title='bbox 278 1205 376 1250; x_wconf 81' lang='lat' dir='ltr'><strong>vint</strong></span> <span class='ocrx_word' id='word_1_76' title='bbox 401 1206 427 1250; x_wconf 80' lang='grc'><strong>3</strong></span> <span class='ocrx_word' id='word_1_77' title='bbox 453 1203 603 1250; x_wconf 84' lang='lat' dir='ltr'><strong>Rome</strong></span> <span class='ocrx_word' id='word_1_78' title='bbox 634 1203 753 1249; x_wconf 83' lang='lat' dir='ltr'><strong>dont</strong></span> <span class='ocrx_word' id='word_1_79' title='bbox 777 1202 806 1248; x_wconf 86' lang='lat' dir='ltr'><strong>ii</strong></span> <span class='ocrx_word' id='word_1_80' title='bbox 835 1201 909 1248; x_wconf 78' lang='lat' dir='ltr'><strong>fut</strong></span> <span class='ocrx_word' id='word_1_81' title='bbox 933 1202 977 1248; x_wconf 82' lang='lat' dir='ltr'><strong>ie</strong></span> <span class='ocrx_word' id='word_1_82' title='bbox 1001 1201 1211 1262; x_wconf 79' lang='lat' dir='ltr'><strong>premier</strong></span> <span class='ocrx_word' id='word_1_83' title='bbox 1232 1202 1431 1261; x_wconf 61' lang='lat' dir='ltr'><strong>aveque.</strong></span> <span class='ocrx_word' id='word_1_84' title='bbox 1460 1200 1495 1248; x_wconf 89' lang='lat' dir='ltr'><strong>ll</strong></span> <span class='ocrx_word' id='word_1_85' title='bbox 1522 1203 1593 1248; x_wconf 79' lang='lat' dir='ltr'><strong>fut</strong></span> <span class='ocrx_word' id='word_1_86' title='bbox 1624 1214 1749 1248; x_wconf 83' lang='lat' dir='ltr'><strong>mar·</strong></span> 
     </span>
     <span class='ocr_line' id='line_1_13' title="bbox 279 1275 1749 1335; baseline -0.001 -11"><span class='ocrx_word' id='word_1_87' title='bbox 279 1279 422 1335; x_wconf 66' lang='lat' dir='ltr'><strong>tyn-{se</strong></span> <span class='ocrx_word' id='word_1_88' title='bbox 437 1292 550 1325; x_wconf 79' lang='lat' dir='ltr'><strong>avec</strong></span> <span class='ocrx_word' id='word_1_89' title='bbox 572 1279 699 1325; x_wconf 84' lang='lat' dir='ltr'><strong>saint</strong></span> <span class='ocrx_word' id='word_1_90' title='bbox 723 1276 838 1324; x_wconf 80' lang='lat' dir='ltr'><strong>Paul</strong></span> <span class='ocrx_word' id='word_1_91' title='bbox 861 1289 975 1324; x_wconf 87' lang='lat' dir='ltr'>sous</span> <span class='ocrx_word' id='word_1_92' title='bbox 998 1277 1044 1324; x_wconf 87' lang='lat' dir='ltr'><strong>le</strong></span> <span class='ocrx_word' id='word_1_93' title='bbox 1069 1278 1216 1335; x_wconf 66' lang='lat' dir='ltr'><strong>regne</strong></span> <span class='ocrx_word' id='word_1_94' title='bbox 1239 1278 1299 1324; x_wconf 86' lang='lat' dir='ltr'><strong>de</strong></span> <span class='ocrx_word' id='word_1_95' title='bbox 1322 1275 1496 1333; x_wconf 72' lang='lat' dir='ltr'><strong>Neron,</strong></span> <span class='ocrx_word' id='word_1_96' title='bbox 1523 1277 1605 1335; x_wconf 86' lang='lat' dir='ltr'><strong>qui</strong></span> <span class='ocrx_word' id='word_1_97' title='bbox 1628 1278 1672 1323; x_wconf 81' lang='lat' dir='ltr'><strong>le</strong></span> <span class='ocrx_word' id='word_1_98' title='bbox 1695 1277 1749 1324; x_wconf 79' lang='lat' dir='ltr'><strong>nt</strong></span> 
     </span>
     <span class='ocr_line' id='line_1_14' title="bbox 279 1349 1743 1407; baseline -0.004 -8"><span class='ocrx_word' id='word_1_99' title='bbox 279 1349 504 1399; x_wconf 66' lang='grc' dir='ltr'>ιιι-3011101·</span> <span class='ocrx_word' id='word_1_100' title='bbox 519 1351 562 1396; x_wconf 90' lang='grc'><strong>13</strong></span> <span class='ocrx_word' id='word_1_101' title='bbox 588 1352 685 1398; x_wconf 77' lang='lat' dir='ltr'><strong>tete</strong></span> <span class='ocrx_word' id='word_1_102' title='bbox 701 1364 762 1398; x_wconf 88' lang='lat' dir='ltr'><strong>en</strong></span> <span class='ocrx_word' id='word_1_103' title='bbox 776 1353 878 1399; x_wconf 85' lang='lat' dir='ltr'><strong>bas.</strong></span> <span class='ocrx_word' id='word_1_104' title='bbox 899 1351 934 1400; x_wconf 91' lang='grc'><strong>11</strong></span> <span class='ocrx_word' id='word_1_105' title='bbox 953 1364 1076 1399; x_wconf 81' lang='lat' dir='ltr'><strong>nous</strong></span> <span class='ocrx_word' id='word_1_106' title='bbox 1100 1359 1225 1398; x_wconf 85' lang='lat' dir='ltr'><strong>reste</strong></span> <span class='ocrx_word' id='word_1_107' title='bbox 1244 1353 1302 1398; x_wconf 86' lang='lat' dir='ltr'><strong>de</strong></span> <span class='ocrx_word' id='word_1_108' title='bbox 1328 1352 1391 1397; x_wconf 80' lang='lat' dir='ltr'><strong>lui</strong></span> <span class='ocrx_word' id='word_1_109' title='bbox 1408 1353 1533 1396; x_wconf 85' lang='lat' dir='ltr'><strong>deux</strong></span> <span class='ocrx_word' id='word_1_110' title='bbox 1548 1352 1743 1407; x_wconf 70' lang='lat' dir='ltr'><strong>epm-es,</strong></span> 
     </span>
     <span class='ocr_line' id='line_1_15' title="bbox 274 1414 1745 1483; baseline -0.004 -7"><span class='ocrx_word' id='word_1_111' title='bbox 274 1427 398 1476; x_wconf 82' lang='lat' dir='ltr'><strong>dont</strong></span> <span class='ocrx_word' id='word_1_112' title='bbox 421 1425 462 1470; x_wconf 87' lang='grc'><strong>13</strong></span> <span class='ocrx_word' id='word_1_113' title='bbox 489 1426 728 1483; x_wconf 73' lang='lat' dir='ltr'><strong>premiere</strong></span> <span class='ocrx_word' id='word_1_114' title='bbox 753 1433 827 1472; x_wconf 79' lang='lat' dir='ltr'><strong>est</strong></span> <span class='ocrx_word' id='word_1_115' title='bbox 851 1427 1071 1473; x_wconf 64' lang='lat' dir='ltr'><strong>adressee</strong></span> <span class='ocrx_word' id='word_1_116' title='bbox 1094 1437 1187 1471; x_wconf 82' lang='lat' dir='ltr'><strong>aux</strong></span> <span class='ocrx_word' id='word_1_117' title='bbox 1220 1414 1400 1480; x_wconf 61' lang='lat' dir='ltr'><strong>Effusas</strong></span> <span class='ocrx_word' id='word_1_118' title='bbox 1423 1424 1489 1468; x_wconf 90' lang='lat' dir='ltr'><strong>du</strong></span> <span class='ocrx_word' id='word_1_119' title='bbox 1510 1423 1656 1479; x_wconf 84' lang='lat' dir='ltr'><strong>Pont,</strong></span> <span class='ocrx_word' id='word_1_120' title='bbox 1682 1421 1745 1470; x_wconf 85' lang='lat' dir='ltr'><strong>de</strong></span> 
     </span>
     <span class='ocr_line' id='line_1_16' title="bbox 278 1493 1489 1559; baseline -0.003 -11"><span class='ocrx_word' id='word_1_121' title='bbox 278 1499 324 1548; x_wconf 89' lang='grc'><strong>13</strong></span> <span class='ocrx_word' id='word_1_122' title='bbox 345 1496 548 1558; x_wconf 72' lang='lat' dir='ltr'><strong>Catane,</strong></span> <span class='ocrx_word' id='word_1_123' title='bbox 571 1499 634 1546; x_wconf 82' lang='lat' dir='ltr'><strong>de</strong></span> <span class='ocrx_word' id='word_1_124' title='bbox 657 1497 703 1546; x_wconf 90' lang='grc'><strong>13</strong></span> <span class='ocrx_word' id='word_1_125' title='bbox 725 1497 1010 1559; x_wconf 83' lang='lat' dir='ltr'><strong>Cappadoce</strong></span> <span class='ocrx_word' id='word_1_126' title='bbox 1033 1504 1083 1546; x_wconf 86' lang='lat' dir='ltr'><strong>et</strong></span> <span class='ocrx_word' id='word_1_127' title='bbox 1104 1498 1165 1544; x_wconf 85' lang='lat' dir='ltr'><strong>de</strong></span> <span class='ocrx_word' id='word_1_128' title='bbox 1186 1495 1233 1543; x_wconf 87' lang='grc'><strong>13</strong></span> <span class='ocrx_word' id='word_1_129' title='bbox 1256 1493 1489 1555; x_wconf 81' lang='lat' dir='ltr'><strong>Bithynie.</strong></span> 
     </span>
    </p>
   </div>
   <div class='ocr_carea' id='block_1_6' title="bbox 275 1623 1751 2842">
    <p class='ocr_par' dir='ltr' id='par_1_6' title="bbox 277 1623 1747 1942">
     <span class='ocr_line' id='line_1_17' title="bbox 351 1623 1747 1698; baseline -0.002 -16"><span class='ocrx_word' id='word_1_130' title='bbox 351 1631 400 1682; x_wconf 97' lang='grc'><strong>1.</strong></span> <span class='ocrx_word' id='word_1_131' title='bbox 431 1625 739 1682; x_wconf 76' lang='lat' dir='ltr'><strong>Secundinn</strong></span> <span class='ocrx_word' id='word_1_132' title='bbox 767 1641 890 1681; x_wconf 89' lang='lat' dir='ltr'><strong>eum</strong></span> <span class='ocrx_word' id='word_1_133' title='bbox 915 1624 1006 1698; x_wconf 86' lang='lat' dir='ltr'><strong>qui</strong></span> <span class='ocrx_word' id='word_1_134' title='bbox 1028 1624 1243 1680; x_wconf 76' lang='lat' dir='ltr'><strong>vocavit</strong></span> <span class='ocrx_word' id='word_1_135' title='bbox 1264 1640 1362 1679; x_wconf 85' lang='lat' dir='ltr'><strong>vos</strong></span> <span class='ocrx_word' id='word_1_136' title='bbox 1384 1623 1668 1692; x_wconf 85' lang='lat' dir='ltr'><strong>Sanctum,</strong></span> <span class='ocrx_word' id='word_1_137' title='bbox 1694 1629 1747 1679; x_wconf 81' lang='lat' dir='ltr'><strong>et</strong></span> 
     </span>
     <span class='ocr_line' id='line_1_18' title="bbox 277 1707 1743 1781; baseline -0.001 -19"><span class='ocrx_word' id='word_1_138' title='bbox 277 1708 376 1781; x_wconf 88' lang='lat' dir='ltr'><strong>ipsi</strong></span> <span class='ocrx_word' id='word_1_139' title='bbox 411 1709 465 1763; x_wconf 89' lang='lat' dir='ltr'><strong>in</strong></span> <span class='ocrx_word' id='word_1_140' title='bbox 501 1709 645 1764; x_wconf 88' lang='lat' dir='ltr'><strong>omni</strong></span> <span class='ocrx_word' id='word_1_141' title='bbox 679 1709 1087 1764; x_wconf 81' lang='lat' dir='ltr'><strong>conversatione</strong></span> <span class='ocrx_word' id='word_1_142' title='bbox 1118 1707 1288 1763; x_wconf 85' lang='lat' dir='ltr'><strong>sancti</strong></span> <span class='ocrx_word' id='word_1_143' title='bbox 1322 1707 1466 1776; x_wconf 83' lang='lat' dir='ltr'><strong>sitis3</strong></span> <span class='ocrx_word' id='word_1_144' title='bbox 1494 1707 1743 1777; x_wconf 85' lang='lat' dir='ltr'><strong>quoniam</strong></span> 
     </span>
     <span class='ocr_line' id='line_1_19' title="bbox 277 1790 1746 1863; baseline 0 -17"><span class='ocrx_word' id='word_1_145' title='bbox 277 1792 533 1863; x_wconf 84' lang='lat' dir='ltr'><strong>scriptum</strong></span> <span class='ocrx_word' id='word_1_146' title='bbox 563 1799 644 1846; x_wconf 87' lang='lat' dir='ltr'><strong>est</strong></span> <span class='ocrx_word' id='word_1_147' title='bbox 673 1811 684 1845; x_wconf 91' lang='lat'>:</span> <span class='ocrx_word' id='word_1_148' title='bbox 713 1791 891 1846; x_wconf 80' lang='lat' dir='ltr'><strong>Sancti</strong></span> <span class='ocrx_word' id='word_1_149' title='bbox 917 1792 1086 1856; x_wconf 75' lang='lat' dir='ltr'><strong>eritiS,</strong></span> <span class='ocrx_word' id='word_1_150' title='bbox 1116 1790 1373 1861; x_wconf 89' lang='lat' dir='ltr'><strong>quoniam</strong></span> <span class='ocrx_word' id='word_1_151' title='bbox 1396 1807 1495 1862; x_wconf 84' lang='lat' dir='ltr'><strong>ego</strong></span> <span class='ocrx_word' id='word_1_152' title='bbox 1522 1791 1746 1847; x_wconf 84' lang='lat' dir='ltr'><strong>Sanctus</strong></span> 
     </span>
     <span class='ocr_line' id='line_1_20' title="bbox 277 1862 1197 1942; baseline -0.005 -15"><span class='ocrx_word' id='word_1_153' title='bbox 277 1889 414 1927; x_wconf 84' lang='lat' dir='ltr'><strong>sum.</strong></span> <span class='ocrx_word' id='word_1_154' title='bbox 441 1862 620 1942; x_wconf 73' lang='lat' dir='ltr'><strong>Epitre</strong></span> <span class='ocrx_word' id='word_1_155' title='bbox 643 1873 684 1926; x_wconf 92' lang='grc' dir='ltr'><strong>Ι.</strong></span> <span class='ocrx_word' id='word_1_156' title='bbox 711 1887 762 1925; x_wconf 89' lang='lat' dir='ltr'><strong>c.</strong></span> <span class='ocrx_word' id='word_1_157' title='bbox 791 1887 830 1926; x_wconf 85' lang='lat'><strong>1.</strong></span> <span class='ocrx_word' id='word_1_158' title='bbox 859 1889 913 1926; x_wconf 87' lang='lat' dir='ltr'><strong>v.</strong></span> <span class='ocrx_word' id='word_1_159' title='bbox 938 1875 1004 1926; x_wconf 87' lang='grc'><strong>15</strong></span> <span class='ocrx_word' id='word_1_160' title='bbox 1031 1878 1084 1924; x_wconf 89' lang='lat' dir='ltr'><strong>et</strong></span> <span class='ocrx_word' id='word_1_161' title='bbox 1109 1875 1197 1924; x_wconf 87' lang='grc'><strong>16.</strong></span> 
     </span>
    </p>

    <p class='ocr_par' dir='ltr' id='par_1_7' title="bbox 277 1953 1751 2256">
     <span class='ocr_line' id='line_1_21' title="bbox 347 1953 1746 2026; baseline -0.001 -14"><span class='ocrx_word' id='word_1_162' title='bbox 347 1958 400 2013; x_wconf 75' lang='lat'><strong>2.</strong></span> <span class='ocrx_word' id='word_1_163' title='bbox 427 1953 492 2009; x_wconf 89' lang='lat' dir='ltr'><strong>Et</strong></span> <span class='ocrx_word' id='word_1_164' title='bbox 518 1953 562 2008; x_wconf 89' lang='lat' dir='ltr'><strong>si</strong></span> <span class='ocrx_word' id='word_1_165' title='bbox 591 1953 804 2008; x_wconf 87' lang='lat' dir='ltr'><strong>Patrem</strong></span> <span class='ocrx_word' id='word_1_166' title='bbox 825 1953 1086 2008; x_wconf 82' lang='lat' dir='ltr'><strong>invocatis</strong></span> <span class='ocrx_word' id='word_1_167' title='bbox 1116 1967 1272 2018; x_wconf 85' lang='lat' dir='ltr'><strong>eum,</strong></span> <span class='ocrx_word' id='word_1_168' title='bbox 1300 1953 1391 2023; x_wconf 86' lang='lat' dir='ltr'><strong>qui</strong></span> <span class='ocrx_word' id='word_1_169' title='bbox 1421 1954 1539 2008; x_wconf 82' lang='lat' dir='ltr'><strong>sine</strong></span> <span class='ocrx_word' id='word_1_170' title='bbox 1560 1969 1746 2026; x_wconf 83' lang='lat' dir='ltr'><strong>accep·</strong></span> 
     </span>
     <span class='ocr_line' id='line_1_22' title="bbox 277 2036 1751 2110; baseline -0.001 -16"><span class='ocrx_word' id='word_1_171' title='bbox 277 2038 421 2094; x_wconf 87' lang='lat' dir='ltr'><strong>tione</strong></span> <span class='ocrx_word' id='word_1_172' title='bbox 461 2053 812 2110; x_wconf 86' lang='lat' dir='ltr'><strong>personarum</strong></span> <span class='ocrx_word' id='word_1_173' title='bbox 841 2037 1050 2107; x_wconf 87' lang='lat' dir='ltr'><strong>judicat</strong></span> <span class='ocrx_word' id='word_1_174' title='bbox 1083 2036 1379 2091; x_wconf 68' lang='lat' dir='ltr'><strong>secundum</strong></span> <span class='ocrx_word' id='word_1_175' title='bbox 1412 2037 1751 2109; x_wconf 53' lang='lat' dir='ltr'><strong>uniuscujusm</strong></span> 
     </span>
     <span class='ocr_line' id='line_1_23' title="bbox 277 2115 1749 2190; baseline 0 -18"><span class='ocrx_word' id='word_1_176' title='bbox 277 2135 383 2190; x_wconf 88' lang='lat' dir='ltr'><strong>que</strong></span> <span class='ocrx_word' id='word_1_177' title='bbox 409 2134 560 2188; x_wconf 79' lang='lat' dir='ltr'><strong>opuS,</strong></span> <span class='ocrx_word' id='word_1_178' title='bbox 589 2118 642 2170; x_wconf 87' lang='lat' dir='ltr'><strong>in</strong></span> <span class='ocrx_word' id='word_1_179' title='bbox 669 2117 856 2170; x_wconf 83' lang='lat' dir='ltr'><strong>timore</strong></span> <span class='ocrx_word' id='word_1_180' title='bbox 877 2115 1141 2170; x_wconf 73' lang='lat' dir='ltr'><strong>incolams</strong></span> <span class='ocrx_word' id='word_1_181' title='bbox 1163 2118 1328 2170; x_wconf 75' lang='lat' dir='ltr'><strong>vestri</strong></span> <span class='ocrx_word' id='word_1_182' title='bbox 1350 2125 1587 2187; x_wconf 78' lang='lat' dir='ltr'><strong>tempore</strong></span> <span class='ocrx_word' id='word_1_183' title='bbox 1608 2133 1749 2174; x_wconf 84' lang='lat' dir='ltr'><strong>oon-</strong></span> 
     </span>
     <span class='ocr_line' id='line_1_24' title="bbox 280 2197 789 2256; baseline -0.008 0"><span class='ocrx_word' id='word_1_184' title='bbox 280 2197 587 2256; x_wconf 74' lang='lat' dir='ltr'><strong>versamini.</strong></span> <span class='ocrx_word' id='word_1_185' title='bbox 614 2197 678 2252; x_wconf 88' lang='lat' dir='ltr'><strong>V.</strong></span> <span class='ocrx_word' id='word_1_186' title='bbox 704 2199 789 2252; x_wconf 86' lang='grc'><strong>17.</strong></span> 
     </span>
    </p>

    <p class='ocr_par' dir='ltr' id='par_1_8' title="bbox 275 2277 1747 2525">
     <span class='ocr_line' id='line_1_25' title="bbox 345 2277 1747 2342; baseline 0.001 -2"><span class='ocrx_word' id='word_1_187' title='bbox 345 2290 394 2340; x_wconf 86' lang='grc'>3.</span> <span class='ocrx_word' id='word_1_188' title='bbox 443 2283 663 2340; x_wconf 84' lang='lat' dir='ltr'><strong>Animas</strong></span> <span class='ocrx_word' id='word_1_189' title='bbox 698 2287 908 2338; x_wconf 83' lang='lat' dir='ltr'><strong>vestras</strong></span> <span class='ocrx_word' id='word_1_190' title='bbox 947 2277 1309 2336; x_wconf 84' lang='lat' dir='ltr'><strong>castificantes</strong></span> <span class='ocrx_word' id='word_1_191' title='bbox 1346 2280 1403 2336; x_wconf 89' lang='lat' dir='ltr'><strong>in</strong></span> <span class='ocrx_word' id='word_1_192' title='bbox 1442 2281 1747 2342; x_wconf 73' lang='lat' dir='ltr'><strong>obedientia</strong></span> 
     </span>
     <span class='ocr_line' id='line_1_26' title="bbox 276 2364 1746 2438; baseline -0.002 -13"><span class='ocrx_word' id='word_1_193' title='bbox 276 2369 538 2436; x_wconf 84' lang='lat' dir='ltr'><strong>caritatis,</strong></span> <span class='ocrx_word' id='word_1_194' title='bbox 566 2368 621 2422; x_wconf 93' lang='lat' dir='ltr'><strong>in</strong></span> <span class='ocrx_word' id='word_1_195' title='bbox 649 2366 990 2423; x_wconf 79' lang='lat' dir='ltr'><strong>fraternitatis</strong></span> <span class='ocrx_word' id='word_1_196' title='bbox 1012 2380 1221 2432; x_wconf 86' lang='lat' dir='ltr'><strong>amore,</strong></span> <span class='ocrx_word' id='word_1_197' title='bbox 1246 2364 1471 2438; x_wconf 87' lang='lat' dir='ltr'><strong>simplici</strong></span> <span class='ocrx_word' id='word_1_198' title='bbox 1499 2383 1563 2422; x_wconf 85' lang='lat' dir='ltr'><strong>ex</strong></span> <span class='ocrx_word' id='word_1_199' title='bbox 1586 2367 1746 2423; x_wconf 88' lang='lat' dir='ltr'><strong>corde</strong></span> 
     </span>
     <span class='ocr_line' id='line_1_27' title="bbox 275 2453 1255 2525; baseline -0.003 -13"><span class='ocrx_word' id='word_1_200' title='bbox 275 2455 503 2512; x_wconf 84' lang='lat' dir='ltr'><strong>invicem</strong></span> <span class='ocrx_word' id='word_1_201' title='bbox 541 2455 742 2525; x_wconf 80' lang='lat' dir='ltr'><strong>diligite</strong></span> <span class='ocrx_word' id='word_1_202' title='bbox 767 2453 1042 2510; x_wconf 72' lang='lat' dir='ltr'><strong>attentisis.</strong></span> <span class='ocrx_word' id='word_1_203' title='bbox 1068 2453 1135 2508; x_wconf 89' lang='lat' dir='ltr'><strong>V.</strong></span> <span class='ocrx_word' id='word_1_204' title='bbox 1162 2453 1255 2509; x_wconf 78' lang='lat'><strong>22.</strong></span> 
     </span>
    </p>

    <p class='ocr_par' dir='ltr' id='par_1_9' title="bbox 276 2533 1745 2842">
     <span class='ocr_line' id='line_1_28' title="bbox 345 2533 1745 2606; baseline -0.003 -12"><span class='ocrx_word' id='word_1_205' title='bbox 345 2541 397 2594; x_wconf 67' lang='lat' dir='ltr'><strong>k.</strong></span> <span class='ocrx_word' id='word_1_206' title='bbox 434 2537 622 2593; x_wconf 86' lang='lat' dir='ltr'><strong>Omnis</strong></span> <span class='ocrx_word' id='word_1_207' title='bbox 651 2551 775 2592; x_wconf 87' lang='lat' dir='ltr'><strong>caro</strong></span> <span class='ocrx_word' id='word_1_208' title='bbox 803 2541 865 2590; x_wconf 88' lang='lat' dir='ltr'><strong>ut</strong></span> <span class='ocrx_word' id='word_1_209' title='bbox 891 2535 1097 2591; x_wconf 81' lang='lat' dir='ltr'><strong>foenum</strong></span> <span class='ocrx_word' id='word_1_210' title='bbox 1114 2577 1127 2602; x_wconf 92' lang='lat'>,</span> <span class='ocrx_word' id='word_1_211' title='bbox 1163 2539 1219 2589; x_wconf 83' lang='lat' dir='ltr'><strong>et</strong></span> <span class='ocrx_word' id='word_1_212' title='bbox 1244 2535 1417 2591; x_wconf 89' lang='lat' dir='ltr'><strong>omnis</strong></span> <span class='ocrx_word' id='word_1_213' title='bbox 1445 2534 1611 2606; x_wconf 85' lang='lat' dir='ltr'><strong>gloria</strong></span> <span class='ocrx_word' id='word_1_214' title='bbox 1630 2533 1745 2604; x_wconf 81' lang='lat' dir='ltr'><strong>ejus</strong></span> 
     </span>
     <span class='ocr_line' id='line_1_29' title="bbox 279 2615 1745 2693; baseline -0.003 -15"><span class='ocrx_word' id='word_1_215' title='bbox 279 2630 534 2693; x_wconf 85' lang='lat' dir='ltr'><strong>tanquam</strong></span> <span class='ocrx_word' id='word_1_216' title='bbox 555 2618 652 2675; x_wconf 78' lang='lat' dir='ltr'><strong>ilos</strong></span> <span class='ocrx_word' id='word_1_217' title='bbox 669 2617 798 2676; x_wconf 80' lang='lat' dir='ltr'><strong>soeni</strong></span> <span class='ocrx_word' id='word_1_218' title='bbox 825 2637 839 2673; x_wconf 71' lang='grc' dir='ltr'><strong>ι</strong></span> <span class='ocrx_word' id='word_1_219' title='bbox 865 2617 1076 2675; x_wconf 83' lang='lat' dir='ltr'><strong>exaruit</strong></span> <span class='ocrx_word' id='word_1_220' title='bbox 1098 2620 1319 2689; x_wconf 81' lang='lat' dir='ltr'><strong>foennm,</strong></span> <span class='ocrx_word' id='word_1_221' title='bbox 1342 2626 1397 2674; x_wconf 88' lang='lat' dir='ltr'><strong>et</strong></span> <span class='ocrx_word' id='word_1_222' title='bbox 1420 2615 1517 2674; x_wconf 85' lang='lat' dir='ltr'><strong>flos</strong></span> <span class='ocrx_word' id='word_1_223' title='bbox 1536 2619 1648 2689; x_wconf 86' lang='lat' dir='ltr'><strong>ejus</strong></span> <span class='ocrx_word' id='word_1_224' title='bbox 1660 2618 1745 2674; x_wconf 87' lang='lat' dir='ltr'><strong>de·</strong></span> 
     </span>
     <span class='ocr_line' id='line_1_30' title="bbox 276 2699 1741 2760; baseline 0.001 -2"><span class='ocrx_word' id='word_1_225' title='bbox 276 2705 421 2758; x_wconf 88' lang='lat' dir='ltr'><strong>cidit.</strong></span> <span class='ocrx_word' id='word_1_226' title='bbox 452 2701 689 2758; x_wconf 82' lang='lat' dir='ltr'><strong>Verbum</strong></span> <span class='ocrx_word' id='word_1_227' title='bbox 719 2707 901 2758; x_wconf 87' lang='lat' dir='ltr'><strong>autem</strong></span> <span class='ocrx_word' id='word_1_228' title='bbox 935 2699 1147 2759; x_wconf 85' lang='lat' dir='ltr'><strong>Domini</strong></span> <span class='ocrx_word' id='word_1_229' title='bbox 1172 2707 1351 2757; x_wconf 87' lang='lat' dir='ltr'><strong>manet</strong></span> <span class='ocrx_word' id='word_1_230' title='bbox 1383 2699 1437 2756; x_wconf 83' lang='lat' dir='ltr'><strong>in</strong></span> <span class='ocrx_word' id='word_1_231' title='bbox 1460 2707 1741 2760; x_wconf 64' lang='lat' dir='ltr'><strong>aeternum,</strong></span> 
     </span>
     <span class='ocr_line' id='line_1_31' title="bbox 279 2783 636 2842; baseline -0.003 -2"><span class='ocrx_word' id='word_1_232' title='bbox 279 2783 343 2840; x_wconf 87' lang='lat' dir='ltr'><strong>V.</strong></span> <span class='ocrx_word' id='word_1_233' title='bbox 371 2785 440 2840; x_wconf 68' lang='lat'><strong>24</strong></span> <span class='ocrx_word' id='word_1_234' title='bbox 463 2789 524 2840; x_wconf 84' lang='lat' dir='ltr'><strong>et</strong></span> <span class='ocrx_word' id='word_1_235' title='bbox 545 2785 636 2842; x_wconf 73' lang='lat'><strong>25.</strong></span> 
     </span>
    </p>
   </div>
  </div>
 </body>
</html>
