2034 3234
895 291 1099 364 (21)

323 411 450 464 238.
490 407 651 466 Novit
683 407 859 478 justus
897 422 1119 464 causam
1158 420 1485 478 pauperum3
1530 403 1727 476 impius

257 489 470 562 ignorat
491 489 795 546 scientiam.
814 489 883 546 V.
910 490 966 545 ’1.

322 576 446 632 239.
487 573 580 630 Vir
619 574 864 646 sapiens,
907 573 954 628 si
991 587 1115 630 cum
1152 571 1313 629 stulto
1356 569 1695 628 contenderit
1709 611 1725 635 ,

251 655 368 714 sive
417 657 712 728 irascatur,
758 658 874 714 sive
923 657 1133 726 rideat,
1188 671 1299 711 non
1354 656 1601 712 inveniet
1644 674 1763 712 axe--

258 743 458 812 quiem.
481 741 544 798 V.
568 745 622 796 9.

181 831 190 842 ·
327 826 451 880 240.
489 821 748 894 Princeps
786 822 880 893 qui
917 821 1151 877 libenter
1182 822 1334 877 audit
1365 821 1533 878 verba
1570 839 1725 880 men-

256 912 422 976 dacii,
451 925 640 967 omnes
662 911 936 966 ministros
958 910 1126 966 habet
1144 909 1354 981 impios.
1378 909 1447 964 V.
1474 912 1561 966 42.

327 995 451 1052 244.
501 993 614 1048 Rex
659 993 750 1062 qui
802 993 1008 1063 judicat
1052 991 1111 1045 in
1160 992 1389 1048 veritate
1426 1007 1723 1065 pauperes,

245 1077 487 1136 ,thronus
507 1075 624 1146 ejus
649 1075 705 1128 in
729 1080 993 1130 aeternum
1017 1073 1341 1130 firmabitur.
1367 1074 1435 1131 V.
1466 1077 1555 1130 44.

329 1160 455 1214 242.
494 1157 656 1226 Virga
679 1163 846 1227 atque
869 1157 1137 1227 correptio
1160 1157 1349 1210 tribuit
1371 1157 1727 1226 sapientiam:

261 1252 398 1310 puer
423 1241 604 1289 autem
646 1236 738 1303 qui
769 1237 1061 1288 dimittitur
1107 1236 1373 1288 voluntati
1412 1249 1557 1306 suae,
1598 1251 1732 1292 con-

247 1317 438 1373 'i'undit
457 1322 685 1370 matrem
707 1331 882 1370 suam.
908 1317 972 1372 V.
1003 1317 1090 1369 ⁴5.

324 1401 449 1456 243.
490 1399 656 1454 Erudi
678 1397 849 1454 filium
882 1403 1061 1464 tuum,
1103 1401 1160 1453 et
1194 1397 1531 1469 refrigerabit
1552 1361 1636 1468 te,
1672 1408 1729 1457 ct

259 1483 408 1538 dabit
429 1482 647 1538 delicias
673 1483 870 1538 animae
895 1488 1024 1537 tuae.
1048 1481 1117 1538 V.
1149 1483 1235 1536 ⁴7.

285 1625 292 1632 ,
323 1567 453 1621 244.
491 1563 682 1620 Vidisti
704 1563 976 1618 hominem
999 1561 1239 1616 velocem
1264 1563 1332 1616 ad
1356 1562 1680 1633 loquendum
1699 1565 1725 1618 ⁶?

255 1646 482 1702 stultitia
519 1649 690 1716 magis
715 1645 985 1716 speranda
1009 1649 1093 1698 est
1134 1645 1297 1713 quem
1336 1646 1485 1702 illius
1508 1661 1725 1718 correp-

258 1729 456 1864 uofitvb.
476 1731 590 1862 2Sir
629 1802 918 1859 iracundus
951 1806 1213 1874 provocat
1240 1803 1414 1874 rixas;
1450 1803 1620 1876 etqui
1656 1808 1725 1862 ad

260 1886 680 1959 impugnandum
697 1885 870 1941 facilis
888 1890 993 1953 est,
1028 1885 1130 1940 erit
1154 1885 1223 1940 ad
1248 1889 1580 1958 peccandum
1602 1906 1723 1962 pro-

257 1971 463 2029 clivior.
490 1971 555 2028 V.
583 1971 669 2027 22.
974 2010 984 2017 .

325 2058 450 2114 246.
490 2053 792 2124 Superbum
830 2053 1075 2123 sequitur
1110 2051 1417 2122 humilitas;
1456 2059 1513 2107 et
1545 2054 1723 2110 humi-

257 2139 360 2196 lem
385 2133 576 2210 spiritu
597 2131 849 2206 suscipiet
871 2134 1060 2208 gloria.
1089 2133 1153 2190 V.
1172 2136 1263 2190 23.

323 2223 446 2280 247.
487 2219 589 2288 Qui
634 2217 786 2272 timet
831 2216 1135 2286 hominem,
1182 2217 1291 2272 cite
1328 2225 1543 2275 corruet
1576 2237 1590 2274 z
1630 2221 1721 2292 qui

255 2307 432 2373 sperat
452 2302 511 2354 in
535 2299 761 2355 Domino
776 2339 790 2367 ,
817 2299 1209 2354 sublevabitur.
1232 2299 1300 2354 V.
1325 2302 1413 2354 25.

325 2385 429 2442 248
440 2424 452 2437 .
495 2381 888 2438 Abominantur
899 2381 1033 2452 ,iusti
1048 2382 1222 2434 virum
1242 2380 1465 2450 impium
1486 2399 1501 2450 3
1522 2390 1579 2438 et
1593 2385 1721 2439 ὡς).

256 2471 532 2529 minautur
551 2467 702 2540 impii
727 2481 819 2523 eos
841 2465 932 2538 qui
961 2465 1016 2520 in
1043 2463 1192 2521 recte
1214 2467 1345 2520 sunt
1368 2463 1474 2520 vie.
1500 2465 1568 2520 V.
1594 2467 1683 2524 27.

847 2653 1121 2666 t———nna—-o
