2034 3234
880 209 1078 279 (88)

243 319 464 378 tumenti
487 322 748 394 pollutum
767 321 996 388 duxerit,
1022 320 1078 375 in
1103 337 1207 394 quo
1226 321 1590 378 sanctificatus
1604 321 1701 381 est,

241 409 296 458 et
333 403 546 474 spiritui
591 405 778 476 gratiae
833 403 1216 460 contumeliam
1266 401 1497 459 fecerit?
1542 401 1599 457 C.
1648 413 1702 452 x.

241 499 294 538 v.
315 487 382 540 28
405 491 461 541 et
478 489 570 542 29.

312 570 364 622 5.
404 567 738 624 Horrendum
779 575 862 625 est
899 568 1139 624 incidere
1174 567 1230 622 in
1270 583 1461 623 manus
1491 565 1586 623 Dei
1628 566 1706 620 vi-

240 653 436 708 ventis.
460 653 528 708 V.
557 657 613 708 3⁴
631 694 644 708 .
951 659 954 662 ’

310 739 364 789 6.
401 735 528 791 Sine
559 733 663 788 fide
686 733 1014 805 impossibile
1052 742 1133 791 est
1168 733 1381 806 placere
1416 735 1559 802 De03
1585 749 1704 790 cre-

237 818 366 873 dere
389 816 532 874 enim
557 822 766 889 oportet
786 817 1128 872 accedentem
1156 817 1223 871 ad
1246 818 1415 872 Deum
1436 817 1565 888 quia
1594 823 1701 881 est,

237 909 295 957 et
328 901 720 972 inquirentibus
749 917 807 956 se
837 909 1213 956 remunerator
1244 900 1333 954 sit.
1364 900 1425 956 C.
1455 916 1532 956 11.
1560 915 1615 956 v.
1648 903 1699 956 6.

305 988 361 1043 7.
399 985 771 1059 Adspicientes
803 985 859 1040 in
885 992 1165 1040 auctorem
1204 983 1348 1051 fidei,
1376 992 1433 1039 et
1457 999 1703 1040 consum·

238 1076 496 1124 matorem
529 1069 727 1133 Jesum,
771 1068 861 1140 qui
895 1069 1167 1139 proposito
1204 1068 1307 1123 sibi
1332 1068 1525 1136 gaudio
1546 1067 1703 1123 susti-

237 1155 358 1210 nuit
380 1170 611 1220 crucem,
637 1155 948 1210 confusione
972 1155 1301 1224 contempta,
1322 1163 1482 1226 atque
1498 1155 1554 1209 in
1579 1153 1701 1209 dex-

236 1231 350 1292 tera
376 1237 517 1292 sedis
539 1237 632 1293 Dei
655 1237 818 1293 sedet.
839 1235 897 1294 C.
920 1254 1020 1294 ιιι.
1048 1253 1103 1290 v.
1126 1239 1181 1292 2.

259 1335 280 1356 κ
307 1321 359 1372 8.
399 1319 700 1388 Recogitate
721 1335 864 1386 eum,
893 1318 985 1390 qui
1011 1319 1169 1372 talem
1194 1315 1446 1371 sustinuit
1466 1333 1497 1372 a
1520 1331 1703 1386 pecca·

239 1399 439 1454 toribus
462 1401 748 1454 adversum
775 1409 949 1455 semet
981 1399 1158 1471 ipsum
1192 1397 1695 1465 contradictionem3

238 1493 296 1540 ut
334 1501 402 1540 ne
426 1486 716 1556 fatigemini
751 1486 946 1544 animis
979 1485 1173 1542 vestris
1204 1483 1526 1540 deficientes
1553 1483 1620 1540 V.
1644 1488 1697 1540 3.

309 1572 361 1622 9.
401 1568 588 1624 Omnis
609 1570 891 1642 disciplina
913 1571 966 1624 in
993 1568 1242 1642 praesenti
1262 1567 1479 1640 quidem
1494 1567 1702 1624 videtur

239 1667 346 1707 non
373 1667 490 1708 esse
515 1652 712 1724 gaudii,
739 1652 835 1708 sed
857 1653 1125 1721 moeroris3
1151 1657 1339 1723 postea
1362 1657 1542 1708 autem
1563 1650 1695 1706 fruc·

238 1742 352 1790 tum
392 1735 791 1806 pacatissimum
823 1734 1129 1792 exercitatis
1149 1750 1247 1806 per
1268 1749 1391 1792 cem
1414 1735 1607 1792 reddet
1618 1737 1699 1806 Ju-

236 1817 416 1873 stitiae.
437 1818 504 1872 V.
531 1821 618 1870 Η.

302 1901 388 1952 ⁴0.
431 1899 622 1952 Pacem
658 1896 946 1967 sequimini
969 1912 1095 1952 cum
1122 1897 1393 1967 omnibuS,
1422 1907 1478 1954 et
1506 1901 1701 1958 sancti·

235 1980 484 2045 moniam,
513 1979 632 2036 sine
651 1977 760 2050 qua
785 1995 942 2036 nemo
965 1979 1174 2036 videbit
1195 1982 1387 2038 Deum.
1412 1980 1479 2038 V.
1506 1985 1594 2037 ⁴4.

303 2073 360 2122 Η
377 2108 390 2123 .
429 2069 549 2122 Non
573 2065 832 2121 habemus
853 2065 942 2121 hic
963 2072 1273 2123 manentem
1292 2067 1699 2139 civitatem,sed

233 2146 460 2202 futuram
481 2139 821 2214 inquirimus.
849 2147 906 2200 C.
933 2161 1055 2199 xm.
1078 2161 1135 2200 v.
1169 2148 1257 2202 ⁴4.

303 2231 388 2286 ⁴2.
427 2228 652 2285 Obedite
663 2227 968 2300 praepositis
983 2227 1193 2296 vestris,
1218 2234 1274 2284 et
1294 2228 1566 2301 subjacete
1582 2231 1693 2288 eis:

232 2308 334 2384 ipsi
355 2311 500 2369 enim
516 2310 837 2384 pervigilant
855 2309 1010 2382 quasi
1025 2309 1287 2368 rationem
1299 2327 1397 2384 pro
1416 2311 1701 2372 animabus

233 2397 426 2454 vestris
449 2395 723 2452 reddituri.
750 2397 816 2453 V.
839 2396 926 2452 ⁴7.

301 2483 389 2534 ⁴3.
429 2480 572 2535 Deus
591 2477 739 2549 pacis
765 2483 915 2548 aptet
940 2493 1039 2534 vos
1074 2479 1129 2534 in
1166 2477 1315 2534 omni
1350 2479 1513 2546 bono,
1538 2486 1599 2535 ut
1620 2480 1694 2536 fa-

235 2559 387 2616 ciatis
411 2561 528 2632 ejus
547 2560 879 2616 voluntatem
905 2577 920 2614 ε
947 2561 1150 2616 faciens
1170 2561 1227 2616 in
1251 2561 1405 2618 vobis
1426 2561 1567 2632 quod
1586 2562 1695 2633 pla-

235 2649 359 2696 ceat
373 2657 554 2698 coram
577 2656 635 2696 se
658 2657 754 2712 per
768 2642 948 2696 lesum
970 2641 1254 2698 Christum.
1282 2642 1347 2698 V.
1372 2645 1439 2698 20
1460 2646 1516 2700 et
1534 2644 1592 2700 2⁴
1607 2684 1623 2700 .
