2034 3234
839 227 1125 300 ·(81)

283 344 416 400 dens
443 359 457 396 :
484 355 608 413 quae
631 354 844 396 sursum
879 345 1008 396 sunt
1040 339 1241 412 sapite,
1281 353 1389 396 non
1422 351 1547 408 quae
1582 349 1746 408 super

283 433 499 482 terram.
524 424 581 478 C.
609 439 696 481 ιιι.
717 439 770 478 v.
801 426 822 476 4
854 429 912 478 et
933 424 987 477 2.

351 515 405 569 2.
443 509 755 567 Mortificate
791 507 1031 562 membra
1054 509 1231 560 vestra
1252 546 1266 573 ,
1296 517 1419 575 quae
1441 509 1567 558 sunt
1587 518 1747 574 super

280 601 475 652 terram
497 611 511 663 ;
537 591 940 648 fornicationem
955 631 968 658 ,
993 587 1385 644 immunditiam
1406 629 1419 654 ,
1446 585 1741 655 libidinem,

281 676 767 747 concupiscentiam
809 671 1003 728 malam
1025 715 1039 740 ,
1070 678 1125 726 et
1168 671 1475 740 avaritiam,
1514 685 1636 740 quae
1666 675 1746 725 ost

281 757 686 814 simulacrorum
703 759 952 812 servitus·
972 757 1039 812 V.
1060 759 1112 812 ὅ.

354 847 405 897 3.
445 841 708 914 Deponite
743 847 798 896 et
833 856 933 896 vos
973 839 1185 909 omnia,
1222 839 1385 908 iram,
1424 837 1745 910 indignatio·

283 941 435 994 nem,
460 925 718 979 malitiam
737 965 750 990 ,
777 923 1196 996 blasphemiam,
1220 928 1431 995 turpem
1446 937 1745 978 sermonem

283 1010 352 1064 de
377 1025 468 1063 ore
497 1015 690 1062 vestro.
716 1007 783 1064 V.
812 1011 863 1060 8.

353 1093 406 1146 4.
443 1090 619 1147 Nolite
644 1091 857 1144 mentiri
884 1089 1115 1144 invicem
1134 1131 1149 1158 ,
1174 1091 1530 1162 exspoliantes
1550 1103 1646 1144 vos
1657 1103 1747 1144 ve-

282 1181 450 1230 terem
489 1174 758 1228 hominem
795 1189 916 1226 cum
957 1173 1167 1226 actibus
1202 1174 1336 1240 suiS,
1383 1178 1435 1227 et
1466 1171 1749 1227 induentes

283 1273 484 1312 novum
522 1272 643 1312 eum
669 1256 758 1328 qui
798 1261 1091 1310 renovatur
1126 1255 1179 1308 in
1212 1254 1531 1326 agnitionem
1554 1269 1745 1310 secun·

279 1341 408 1397 dum
432 1341 717 1412 imaginem
741 1340 856 1412 ejus
879 1339 969 1410 qui
1007 1339 1212 1393 creavit
1234 1337 1402 1393 illum.
1430 1337 1495 1394 V.
1524 1341 1557 1392 9
1578 1343 1633 1393 et
1655 1343 1679 1392 4
1690 1341 1741 1392 0.

351 1427 403 1479 5.
445 1423 655 1480 Induite
677 1439 776 1479 vos
797 1425 936 1478 sicut
957 1421 1109 1478 electi
1132 1423 1257 1492 Dei,
1284 1422 1454 1478 sancti
1474 1427 1528 1478 et
1542 1422 1741 1490 dilecti,

279 1508 485 1564 viscera
510 1507 911 1572 misericordiae,
935 1505 1341 1576 benignitatem,
1368 1506 1740 1574 humilitatem,

281 1589 614 1652 modestiam,
643 1587 978 1659 patientiam.
1004 1589 1069 1642 V.
1100 1591 1186 1642 ⁴2.

351 1675 404 1726 6.
443 1673 832 1744 supportantes
851 1669 1101 1733 invicem,
1121 1678 1175 1723 et
1201 1669 1465 1725 donantes
1486 1671 1745 1726 vobismet

281 1755 436 1828 ipsiS,
471 1755 517 1809 si
548 1753 669 1825 quis
708 1754 966 1808 adversus
989 1753 1223 1822 aliquem
1252 1751 1415 1806 habet
1438 1753 1737 1823 querelam,

280 1840 417 1895 sicut
439 1845 493 1894 et
509 1838 766 1893 Dominus
787 1836 1010 1891 donavit
1037 1835 1189 1891 vobis
1206 1879 1219 1902 ,
1247 1837 1322 1891 ita
1345 1842 1400 1890 et
1422 1851 1537 1892 v03.
1561 1837 1627 1895 V.
1656 1842 1741 1894 ⁴3.

349 1925 403 1980 7.
441 1923 614 1994 Super
649 1921 828 1977 omnia
860 1921 1000 1986 haec,
1043 1920 1319 1975 caritatem
1343 1917 1569 1990 habete,
1599 1923 1739 1994 quod
1808 1937 1813 1942 ·

282 2010 360 2058 est
378 2004 654 2060 vinculum
674 2001 1027 2074 perfectionis
1058 2002 1123 2056 V.
1148 2003 1233 2056 ⁴4.

354 2089 403 2142 8.
443 2085 616 2142 Omne
653 2085 1031 2156 quodcumque
1062 2083 1235 2139 facitis
1277 2084 1334 2138 in
1381 2084 1547 2139 verbo
1570 2085 1741 2141 autin

283 2185 468 2242 opere,
497 2169 673 2224 omnia
696 2167 752 2223 in
776 2168 990 2224 nomine
1013 2167 1224 2223 Domini
1238 2169 1362 2224 Jesu
1388 2165 1604 2238 Christi,
1628 2183 1743 2242 gra-

281 2255 380 2310 tias
403 2260 622 2322 agentes
645 2255 754 2306 Deo
777 2258 830 2306 et
852 2252 990 2307 Patri
1015 2268 1113 2322 per
1133 2252 1325 2324 ipsum.
1348 2251 1415 2310 V.
1444 2254 1529 2307 ⁴7.

351 2337 403 2388 9.
443 2333 591 2400 Filii,
631 2333 841 2387 obedite
891 2331 1203 2402 parentibus
1241 2348 1339 2403 per
1380 2337 1558 2390 omnia
1584 2376 1599 2403 ,
1640 2338 1742 2393 hoc

223 2447 241 2467 .-
283 2416 426 2470 enim
447 2415 705 2487 placitum
727 2419 808 2469 est
831 2414 887 2468 in
911 2415 1155 2470 Domino.
1180 2415 1245 2472 V.
1266 2418 1353 2471 20.

353 2503 438 2554 ⁴0.
479 2497 866 2567 Quodcumque
889 2496 1086 2566 facitis,
1115 2513 1179 2552 ex
1210 2499 1389 2554 animo
1415 2499 1735 2572 operamini,

285 2580 420 2638 sicut
438 2579 691 2647 Domin0,
721 2585 776 2634 et
799 2595 905 2634 non
932 2580 1257 2637 hominibus
1284 2581 1525 2640 Scientes
1547 2585 1689 2658 quod
1708 2601 1740 2642 a

284 2663 504 2720 Domino
539 2663 806 2736 accipietis
836 2663 1236 2720 retributionem
1261 2665 1570 2724 hereditatis
1594 2686 1607 2724 ε
1635 2667 1741 2724 Do-

285 2745 432 2802 mino
455 2746 656 2804 Christo
678 2747 888 2806 servite.
919 2747 984 2804 V.
1011 2751 1081 2805 23
1110 2753 1165 2805 et
1178 2751 1274 2808 24.

2010 2715 2015 2796 ἰ

1850 2797 2015 3194 ,l
