2034 3234
925 289 1125 362 (8¹7)

294 490 334 545 D
361 406 413 459 4.
448 405 522 547 gt
535 411 722 488 curent
739 404 898 466 bonis
913 405 1167 480 operibus
1182 419 1409 482 praeesse
1426 403 1515 478 qui
1534 403 1762 461 credunt

335 505 417 548 00.
500 533 512 547 .
541 495 594 548 8.

289 741 562 792 qumES
597 732 819 792 TIRE'ES
855 742 934 792 DE
966 733 1245 790 L'EPITRE
1275 743 1356 794 DE
1386 741 1567 793 SMNT
1603 741 1762 794 PAUL

789 815 917 866 Aux
952 809 1258 868 HEBREUX.

349 936 569 1002 L’Epme
601 957 697 992 aux
735 943 962 994 Hebreux
1007 955 1082 994 ωε
1124 947 1349 996 adl-essee
1383 958 1479 996 aux
1516 943 1643 994 Juifs
1675 946 1761 1006 qui

289 1017 474 1064 avaient
497 1018 742 1066 embrasse
780 1021 826 1070 le
857 1021 1229 1070 christianismo.
1262 1020 1401 1072 Saint
1433 1021 1549 1070 Paul
1584 1021 1657 1071 les
1676 1035 1761 1068 ex·

288 1089 428 1138 horte
461 1093 490 1137 a
523 1093 803 1150 perseveret
837 1094 958 1140 dans
988 1095 1097 1142 leur
1116 1093 1219 1152 1013
1254 1096 1288 1143 il
1321 1096 1426 1143 leur
1458 1102 1613 1144 temet
1644 1105 1759 1142 sous

285 1166 356 1212 les
376 1177 500 1224 yeux
521 1165 590 1212 les
612 1168 776 1224 points
797 1169 1084 1227 principaux
1101 1169 1161 1214 de
1184 1169 1229 1214 la
1247 1170 1447 1228 religion
1462 1170 1755 1223 chretienne,

287 1239 356 1288 les
378 1240 631 1301 preceptes
655 1241 716 1288 de
729 1254 782 1289 sa
796 1243 995 1300 morale,
1016 1249 1067 1289 et
1082 1243 1190 1290 leur
1212 1255 1429 1292 annonce
1454 1243 1570 1304 qu‘n
1592 1246 1759 1304 cepere

285 1313 356 1360 les
376 1313 542 1364 visitet
562 1315 750 1364 bientot
773 1329 888 1364 avec
903 1314 1174 1365 Timotheo.

353 1451 405 1503 4.
433 1449 554 1506 Non
579 1456 660 1508 est
679 1451 790 1508 ulla
809 1461 1059 1510 creatura
1081 1452 1367 1511 invisibilis
1387 1454 1441 1510 in
1466 1462 1757 1528 conspectu

285 1533 398 1601 ejus
419 1533 436 1564 ¹
469 1551 481 1585 :
507 1535 688 1587 omnia
713 1544 896 1590 autem
932 1538 1081 1592 nuda
1116 1543 1173 1590 et
1208 1544 1393 1607 aperta
1428 1544 1556 1594 sunt
1589 1539 1759 1596 oculis

285 1617 417 1686 ejus,
443 1615 500 1671 C.
529 1631 605 1672 ιν.
627 1629 683 1672 v.
710 1620 796 1670 ⁴3.

351 1698 404 1751 2.
444 1695 564 1750 Non
591 1696 849 1754 hahemus
869 1697 1181 1770 pontificem
1200 1699 1295 1769 qui
1308 1715 1415 1756 non
1434 1700 1603 1772 possit
1616 1717 1757 1758 com-

283 1779 393 1850 pati
429 1779 828 1836 infirmitatibus
866 1781 1093 1852 nostris;
1137 1788 1403 1837 tentatum
1440 1791 1620 1840 autem
1660 1801 1758 1856 per

282 1863 463 1920 omnia
478 1881 574 1936 pro
591 1864 982 1923 similititudine
1005 1865 1213 1938 absque
1229 1873 1466 1939 peccato.
1485 1868 1757 1926 Adeamus

281 1963 405 2019 ergo
429 1963 552 2002 cum
585 1947 778 2004 fiducia
809 1949 878 2004 ad
921 1948 1175 2006 thronum
1200 1951 1410 2022 gratiae,
1452 1960 1517 2007 ut
1548 1951 1752 2010 miseri-

281 2033 515 2087 cordiam
551 2047 942 2103 consequamur
972 2041 1029 2088 et
1066 2033 1295 2104 gratiam
1332 2034 1673 2092 inveniamus
1694 2037 1749 2090 in

281 2113 478 2169 auxilio
503 2121 822 2185 opportune.
842 2115 906 2170 V.
938 2116 1006 2168 ⁴5
1026 2121 1083 2169 et
1104 2117 1191 2170 ⁴6.

350 2201 401 2253 3.
440 2198 662 2255 Salvare
704 2199 759 2253 in
808 2207 1129 2271 perpetuum
1170 2207 1347 2273 potest
1375 2200 1399 2231 ¹
1434 2202 1751 2262 accedentes

275 2295 373 2351 per
393 2289 563 2336 semet
586 2283 762 2352 ipsum
791 2283 861 2338 ad
892 2285 1065 2338 Deum
1093 2299 1106 2337 ε
1132 2299 1345 2354 semper
1366 2284 1556 2342 vivens
1578 2288 1644 2344 ad
1666 2287 1749 2344 in-

278 2363 676 2435 terpellandum
698 2379 794 2436 pro
821 2365 997 2418 nobis.
1017 2367 1077 2420 C.
1103 2379 1209 2420 vn.
1236 2383 1291 2420 v.
1317 2369 1406 2422 25.

348 2449 397 2501 4.
439 2445 651 2501 irritam
679 2445 800 2515 quis
829 2445 1033 2502 faciens
1064 2447 1238 2519 legem
1263 2449 1455 2521 Moysi,
1488 2451 1605 2508 sine
1638 2453 1745 2510 ulla

275 2525 622 2582 miseratione
645 2524 852 2578 duobus
890 2525 976 2580 vel
1011 2526 1187 2582 tribus
1222 2526 1449 2584 testibus
1478 2528 1703 2589 moritur
1730 2549 1741 2560 ·

277 2610 479 2682 quanto
513 2613 680 2680 magis
714 2608 912 2680 putatis
949 2610 1213 2666 deteriora
1244 2610 1438 2666 mereri
1460 2611 1743 2684 supplicia,

279 2695 368 2766 qui
392 2693 583 2748 Filium
613 2692 708 2748 Dei
735 2693 1152 2763 conculcaverit,
1182 2699 1237 2749 et
1270 2695 1581 2764 sanguinem
1607 2695 1739 2752 Tes-

333 2851 369 2887 1.
397 2845 458 2886 Le
473 2843 700 2898 seigneur.

330 2915 372 2952 2.
400 2910 458 2953 Le
475 2907 592 2962 euJet
611 2913 680 2968 eet
697 2905 1012 2954 lesus-Christ.
