<?xml version="1.0" encoding="UTF-8"?>
<!DOCTYPE html PUBLIC "-//W3C//DTD XHTML 1.0 Transitional//EN"
    "http://www.w3.org/TR/xhtml1/DTD/xhtml1-transitional.dtd">
<html xmlns="http://www.w3.org/1999/xhtml" xml:lang="en" lang="en">
 <head>
  <title>
</title>
<meta http-equiv="Content-Type" content="text/html;charset=utf-8" />
  <meta name='ocr-system' content='tesseract 3.04.00' />
  <meta name='ocr-capabilities' content='ocr_page ocr_carea ocr_par ocr_line ocrx_word'/>
</head>
<body>
  <div class='ocr_page' id='page_1' title='image "./maximestiresdel00rollgoog/maximestiresdel00rollgoog_0015.png"; bbox 0 0 2034 3234; ppageno 0'>
   <div class='ocr_carea' id='block_1_1' title="bbox 941 252 1105 322">
    <p class='ocr_par' dir='ltr' id='par_1_1' title="bbox 941 252 1105 322">
     <span class='ocr_line' id='line_1_1' title="bbox 941 252 1105 322; baseline 0 0"><span class='ocrx_word' id='word_1_1' title='bbox 941 252 1105 322; x_wconf 89' lang='grc'><strong>(5)</strong></span> 
     </span>
    </p>
   </div>
   <div class='ocr_carea' id='block_1_2' title="bbox 361 365 1754 432">
    <p class='ocr_par' dir='ltr' id='par_1_2' title="bbox 361 365 1754 432">
     <span class='ocr_line' id='line_1_2' title="bbox 361 365 1754 432; baseline -0.004 -7"><span class='ocrx_word' id='word_1_2' title='bbox 361 373 449 426; x_wconf 83' lang='grc'><strong>23.</strong></span> <span class='ocrx_word' id='word_1_3' title='bbox 485 370 570 425; x_wconf 86' lang='lat' dir='ltr'><strong>Ne</strong></span> <span class='ocrx_word' id='word_1_4' title='bbox 603 369 754 424; x_wconf 82' lang='lat' dir='ltr'><strong>dicas</strong></span> <span class='ocrx_word' id='word_1_5' title='bbox 776 367 948 424; x_wconf 80' lang='lat' dir='ltr'><strong>amico</strong></span> <span class='ocrx_word' id='word_1_6' title='bbox 986 378 1115 424; x_wconf 80' lang='lat' dir='ltr'><strong>tuo:</strong></span> <span class='ocrx_word' id='word_1_7' title='bbox 1143 385 1171 419; x_wconf 79' lang='grc' dir='ltr'><strong>α</strong></span> <span class='ocrx_word' id='word_1_8' title='bbox 1192 365 1345 424; x_wconf 86' lang='lat' dir='ltr'><strong>Vade</strong></span> <span class='ocrx_word' id='word_1_9' title='bbox 1378 371 1433 420; x_wconf 88' lang='lat' dir='ltr'><strong>et</strong></span> <span class='ocrx_word' id='word_1_10' title='bbox 1465 369 1754 432; x_wconf 82' lang='lat' dir='ltr'><strong>revertere,</strong></span> 
     </span>
    </p>
   </div>
   <div class='ocr_carea' id='block_1_3' title="bbox 290 451 1837 1913">
    <p class='ocr_par' dir='ltr' id='par_1_3' title="bbox 293 451 1837 1020">
     <span class='ocr_line' id='line_1_3' title="bbox 295 451 1755 525; baseline -0.003 -15"><span class='ocrx_word' id='word_1_11' title='bbox 295 471 416 512; x_wconf 83' lang='lat' dir='ltr'><strong>cras</strong></span> <span class='ocrx_word' id='word_1_12' title='bbox 436 454 576 511; x_wconf 89' lang='lat' dir='ltr'><strong>dabo</strong></span> <span class='ocrx_word' id='word_1_13' title='bbox 607 455 722 524; x_wconf 80' lang='lat' dir='ltr'><strong>tibi,</strong></span> <span class='ocrx_word' id='word_1_14' title='bbox 754 473 780 506; x_wconf 71' lang='lat' dir='ltr'><strong>n</strong></span> <span class='ocrx_word' id='word_1_15' title='bbox 807 469 980 525; x_wconf 87' lang='lat' dir='ltr'><strong>quum</strong></span> <span class='ocrx_word' id='word_1_16' title='bbox 999 452 1181 510; x_wconf 76' lang='lat' dir='ltr'><strong>statim</strong></span> <span class='ocrx_word' id='word_1_17' title='bbox 1203 451 1377 524; x_wconf 78' lang='lat' dir='ltr'><strong>possis</strong></span> <span class='ocrx_word' id='word_1_18' title='bbox 1399 451 1549 508; x_wconf 86' lang='lat' dir='ltr'><strong>dare.</strong></span> <span class='ocrx_word' id='word_1_19' title='bbox 1572 451 1638 507; x_wconf 87' lang='lat' dir='ltr'><strong>V.</strong></span> <span class='ocrx_word' id='word_1_20' title='bbox 1664 453 1755 506; x_wconf 89' lang='grc'><strong>28.</strong></span> 
     </span>
     <span class='ocr_line' id='line_1_4' title="bbox 363 535 1759 608; baseline -0.004 -14"><span class='ocrx_word' id='word_1_21' title='bbox 363 541 456 594; x_wconf 80' lang='grc'><strong>24.</strong></span> <span class='ocrx_word' id='word_1_22' title='bbox 492 539 576 594; x_wconf 86' lang='lat' dir='ltr'><strong>Ne</strong></span> <span class='ocrx_word' id='word_1_23' title='bbox 595 537 862 594; x_wconf 85' lang='lat' dir='ltr'><strong>aemuleris</strong></span> <span class='ocrx_word' id='word_1_24' title='bbox 885 537 1157 593; x_wconf 87' lang='lat' dir='ltr'><strong>hominem</strong></span> <span class='ocrx_word' id='word_1_25' title='bbox 1190 536 1443 608; x_wconf 86' lang='lat' dir='ltr'><strong>injustum</strong></span> <span class='ocrx_word' id='word_1_26' title='bbox 1460 577 1475 608; x_wconf 92' lang='lat'><strong>,</strong></span> <span class='ocrx_word' id='word_1_27' title='bbox 1506 551 1608 592; x_wconf 88' lang='lat' dir='ltr'><strong>nec</strong></span> <span class='ocrx_word' id='word_1_28' title='bbox 1642 535 1759 591; x_wconf 85' lang='lat' dir='ltr'><strong>imi·</strong></span> 
     </span>
     <span class='ocr_line' id='line_1_5' title="bbox 294 621 919 691; baseline -0.005 -15"><span class='ocrx_word' id='word_1_29' title='bbox 294 621 421 676; x_wconf 85' lang='lat' dir='ltr'><strong>teris</strong></span> <span class='ocrx_word' id='word_1_30' title='bbox 441 621 561 676; x_wconf 82' lang='lat' dir='ltr'><strong>vias</strong></span> <span class='ocrx_word' id='word_1_31' title='bbox 580 622 716 691; x_wconf 89' lang='lat' dir='ltr'><strong>ejus.</strong></span> <span class='ocrx_word' id='word_1_32' title='bbox 737 621 806 676; x_wconf 97' lang='lat' dir='ltr'><strong>V.</strong></span> <span class='ocrx_word' id='word_1_33' title='bbox 832 624 919 674; x_wconf 92' lang='grc'><strong>34.</strong></span> 
     </span>
     <span class='ocr_line' id='line_1_6' title="bbox 360 703 1755 772; baseline -0.002 -11"><span class='ocrx_word' id='word_1_34' title='bbox 360 707 450 762; x_wconf 85' lang='grc'><strong>25.</strong></span> <span class='ocrx_word' id='word_1_35' title='bbox 490 705 628 772; x_wconf 83' lang='lat' dir='ltr'><strong>Quia</strong></span> <span class='ocrx_word' id='word_1_36' title='bbox 650 705 976 761; x_wconf 80' lang='lat' dir='ltr'><strong>abominatio</strong></span> <span class='ocrx_word' id='word_1_37' title='bbox 1009 703 1221 760; x_wconf 87' lang='lat' dir='ltr'><strong>Domini</strong></span> <span class='ocrx_word' id='word_1_38' title='bbox 1258 708 1341 758; x_wconf 86' lang='lat' dir='ltr'><strong>est</strong></span> <span class='ocrx_word' id='word_1_39' title='bbox 1360 704 1535 759; x_wconf 87' lang='lat' dir='ltr'><strong>omnis</strong></span> <span class='ocrx_word' id='word_1_40' title='bbox 1554 703 1755 770; x_wconf 76' lang='lat' dir='ltr'><strong>illusor,</strong></span> 
     </span>
     <span class='ocr_line' id='line_1_7' title="bbox 295 786 1837 862; baseline -0.001 -20"><span class='ocrx_word' id='word_1_41' title='bbox 295 792 494 842; x_wconf 87' lang='lat' dir='ltr'><strong>etcum</strong></span> <span class='ocrx_word' id='word_1_42' title='bbox 517 786 848 859; x_wconf 75' lang='lat' dir='ltr'><strong>simplicibus</strong></span> <span class='ocrx_word' id='word_1_43' title='bbox 865 786 1247 842; x_wconf 78' lang='lat' dir='ltr'><strong>sermocinatio</strong></span> <span class='ocrx_word' id='word_1_44' title='bbox 1262 787 1397 857; x_wconf 82' lang='lat' dir='ltr'><strong>ejus.</strong></span> <span class='ocrx_word' id='word_1_45' title='bbox 1423 786 1489 842; x_wconf 94' lang='lat' dir='ltr'><strong>V.</strong></span> <span class='ocrx_word' id='word_1_46' title='bbox 1518 788 1606 842; x_wconf 84' lang='grc'><strong>32.</strong></span> <span class='ocrx_word' id='word_1_47' title='bbox 1826 856 1837 862; x_wconf 36' lang='lat'><strong>·</strong></span> 
     </span>
     <span class='ocr_line' id='line_1_8' title="bbox 361 866 1757 940; baseline 0 -16"><span class='ocrx_word' id='word_1_48' title='bbox 361 873 452 924; x_wconf 87' lang='grc'><strong>26.</strong></span> <span class='ocrx_word' id='word_1_49' title='bbox 490 870 712 940; x_wconf 81' lang='lat' dir='ltr'><strong>Egestas</strong></span> <span class='ocrx_word' id='word_1_50' title='bbox 741 884 772 924; x_wconf 86' lang='lat' dir='ltr'><strong>a</strong></span> <span class='ocrx_word' id='word_1_51' title='bbox 807 869 1035 924; x_wconf 88' lang='lat' dir='ltr'><strong>Domino</strong></span> <span class='ocrx_word' id='word_1_52' title='bbox 1056 868 1115 924; x_wconf 87' lang='lat' dir='ltr'><strong>in</strong></span> <span class='ocrx_word' id='word_1_53' title='bbox 1138 868 1299 923; x_wconf 90' lang='lat' dir='ltr'><strong>domo</strong></span> <span class='ocrx_word' id='word_1_54' title='bbox 1331 867 1513 938; x_wconf 81' lang='lat' dir='ltr'><strong>impii3</strong></span> <span class='ocrx_word' id='word_1_55' title='bbox 1549 866 1757 924; x_wconf 84' lang='lat' dir='ltr'><strong>habita·</strong></span> 
     </span>
     <span class='ocr_line' id='line_1_9' title="bbox 293 950 1535 1020; baseline -0.001 -14"><span class='ocrx_word' id='word_1_56' title='bbox 293 951 414 1006; x_wconf 88' lang='lat' dir='ltr'><strong>cula</strong></span> <span class='ocrx_word' id='word_1_57' title='bbox 438 957 619 1006; x_wconf 85' lang='lat' dir='ltr'><strong>autem</strong></span> <span class='ocrx_word' id='word_1_58' title='bbox 641 952 905 1020; x_wconf 86' lang='lat' dir='ltr'><strong>justorum</strong></span> <span class='ocrx_word' id='word_1_59' title='bbox 928 950 1331 1006; x_wconf 76' lang='lat' dir='ltr'><strong>benedicentur.</strong></span> <span class='ocrx_word' id='word_1_60' title='bbox 1355 950 1422 1006; x_wconf 88' lang='lat' dir='ltr'><strong>V.</strong></span> <span class='ocrx_word' id='word_1_61' title='bbox 1448 953 1535 1005; x_wconf 88' lang='grc'><strong>33.</strong></span> 
     </span>
    </p>

    <p class='ocr_par' dir='ltr' id='par_1_4' title="bbox 293 1031 1761 1184">
     <span class='ocr_line' id='line_1_10' title="bbox 357 1031 1761 1104; baseline -0.001 -16"><span class='ocrx_word' id='word_1_62' title='bbox 357 1035 449 1088; x_wconf 81' lang='grc'><strong>27.</strong></span> <span class='ocrx_word' id='word_1_63' title='bbox 487 1034 606 1104; x_wconf 85' lang='lat' dir='ltr'><strong>Ipse</strong></span> <span class='ocrx_word' id='word_1_64' title='bbox 631 1033 846 1088; x_wconf 88' lang='lat' dir='ltr'><strong>deludet</strong></span> <span class='ocrx_word' id='word_1_65' title='bbox 885 1031 1149 1103; x_wconf 74' lang='lat' dir='ltr'><strong>illusoreS,</strong></span> <span class='ocrx_word' id='word_1_66' title='bbox 1190 1037 1245 1087; x_wconf 90' lang='lat' dir='ltr'><strong>et</strong></span> <span class='ocrx_word' id='word_1_67' title='bbox 1282 1033 1575 1089; x_wconf 77' lang='lat' dir='ltr'><strong>mansuetis</strong></span> <span class='ocrx_word' id='word_1_68' title='bbox 1611 1032 1761 1090; x_wconf 84' lang='lat' dir='ltr'><strong>dabit</strong></span> 
     </span>
     <span class='ocr_line' id='line_1_11' title="bbox 293 1115 750 1184; baseline 0.004 -16"><span class='ocrx_word' id='word_1_69' title='bbox 293 1115 539 1184; x_wconf 76' lang='lat' dir='ltr'><strong>gratiam.</strong></span> <span class='ocrx_word' id='word_1_70' title='bbox 565 1116 634 1172; x_wconf 87' lang='lat' dir='ltr'><strong>V.</strong></span> <span class='ocrx_word' id='word_1_71' title='bbox 659 1117 750 1171; x_wconf 80' lang='grc'><strong>34.</strong></span> 
     </span>
    </p>

    <p class='ocr_par' dir='ltr' id='par_1_5' title="bbox 293 1195 1759 1343">
     <span class='ocr_line' id='line_1_12' title="bbox 359 1195 1759 1264; baseline -0.001 -15"><span class='ocrx_word' id='word_1_72' title='bbox 359 1199 448 1249; x_wconf 79' lang='grc'><strong>28.</strong></span> <span class='ocrx_word' id='word_1_73' title='bbox 485 1196 720 1250; x_wconf 86' lang='lat' dir='ltr'><strong>Gloriam</strong></span> <span class='ocrx_word' id='word_1_74' title='bbox 753 1196 1027 1264; x_wconf 83' lang='lat' dir='ltr'><strong>sapientes</strong></span> <span class='ocrx_word' id='word_1_75' title='bbox 1059 1195 1451 1264; x_wconf 81' lang='lat' dir='ltr'><strong>possidebunt:</strong></span> <span class='ocrx_word' id='word_1_76' title='bbox 1474 1195 1759 1248; x_wconf 84' lang='lat' dir='ltr'><strong>stultorum</strong></span> 
     </span>
     <span class='ocr_line' id='line_1_13' title="bbox 293 1274 1106 1343; baseline 0 -14"><span class='ocrx_word' id='word_1_77' title='bbox 293 1275 562 1336; x_wconf 82' lang='lat' dir='ltr'><strong>exaltati0‚</strong></span> <span class='ocrx_word' id='word_1_78' title='bbox 593 1274 900 1343; x_wconf 85' lang='lat' dir='ltr'><strong>ignominia.</strong></span> <span class='ocrx_word' id='word_1_79' title='bbox 923 1274 990 1329; x_wconf 94' lang='lat' dir='ltr'><strong>V.</strong></span> <span class='ocrx_word' id='word_1_80' title='bbox 1016 1277 1106 1329; x_wconf 81' lang='lat'><strong>35.</strong></span> 
     </span>
    </p>

    <p class='ocr_par' dir='ltr' id='par_1_6' title="bbox 290 1353 1759 1510">
     <span class='ocr_line' id='line_1_14' title="bbox 357 1353 1759 1426; baseline 0.001 -16"><span class='ocrx_word' id='word_1_81' title='bbox 357 1357 447 1410; x_wconf 86' lang='grc'><strong>29.</strong></span> <span class='ocrx_word' id='word_1_82' title='bbox 481 1354 748 1424; x_wconf 87' lang='lat' dir='ltr'><strong>Suscipiat</strong></span> <span class='ocrx_word' id='word_1_83' title='bbox 769 1353 933 1409; x_wconf 88' lang='lat' dir='ltr'><strong>verba</strong></span> <span class='ocrx_word' id='word_1_84' title='bbox 953 1367 1075 1410; x_wconf 87' lang='lat' dir='ltr'><strong>mea</strong></span> <span class='ocrx_word' id='word_1_85' title='bbox 1092 1367 1185 1410; x_wconf 90' lang='lat' dir='ltr'><strong>cor</strong></span> <span class='ocrx_word' id='word_1_86' title='bbox 1212 1358 1381 1421; x_wconf 83' lang='lat' dir='ltr'><strong>tuum,</strong></span> <span class='ocrx_word' id='word_1_87' title='bbox 1406 1354 1614 1412; x_wconf 86' lang='lat' dir='ltr'><strong>custodi</strong></span> <span class='ocrx_word' id='word_1_88' title='bbox 1630 1371 1759 1426; x_wconf 81' lang='lat' dir='ltr'><strong>prae-</strong></span> 
     </span>
     <span class='ocr_line' id='line_1_15' title="bbox 290 1437 958 1510; baseline 0 -16"><span class='ocrx_word' id='word_1_89' title='bbox 290 1443 447 1510; x_wconf 85' lang='lat' dir='ltr'><strong>cepta</strong></span> <span class='ocrx_word' id='word_1_90' title='bbox 467 1452 608 1492; x_wconf 86' lang='lat' dir='ltr'><strong>moa.</strong></span> <span class='ocrx_word' id='word_1_91' title='bbox 635 1437 695 1492; x_wconf 89' lang='lat' dir='ltr'><strong>C.</strong></span> <span class='ocrx_word' id='word_1_92' title='bbox 721 1451 798 1491; x_wconf 69' lang='grc' dir='ltr'><strong>ιν.</strong></span> <span class='ocrx_word' id='word_1_93' title='bbox 821 1451 878 1492; x_wconf 81' lang='lat' dir='ltr'><strong>v.</strong></span> <span class='ocrx_word' id='word_1_94' title='bbox 905 1438 958 1494; x_wconf 69' lang='lat'><strong>4.</strong></span> 
     </span>
    </p>

    <p class='ocr_par' dir='ltr' id='par_1_7' title="bbox 293 1518 1759 1654">
     <span class='ocr_line' id='line_1_16' title="bbox 357 1518 1759 1590; baseline 0.002 -16"><span class='ocrx_word' id='word_1_95' title='bbox 357 1523 446 1574; x_wconf 88' lang='grc'><strong>30.</strong></span> <span class='ocrx_word' id='word_1_96' title='bbox 485 1519 566 1573; x_wconf 89' lang='lat' dir='ltr'><strong>Ne</strong></span> <span class='ocrx_word' id='word_1_97' title='bbox 583 1518 934 1589; x_wconf 81' lang='lat' dir='ltr'><strong>obliviscaris,</strong></span> <span class='ocrx_word' id='word_1_98' title='bbox 953 1533 1129 1590; x_wconf 84' lang='lat' dir='ltr'><strong>neque</strong></span> <span class='ocrx_word' id='word_1_99' title='bbox 1148 1519 1385 1576; x_wconf 81' lang='lat' dir='ltr'><strong>declines</strong></span> <span class='ocrx_word' id='word_1_100' title='bbox 1403 1536 1435 1575; x_wconf 89' lang='lat' dir='ltr'><strong>a</strong></span> <span class='ocrx_word' id='word_1_101' title='bbox 1452 1520 1631 1577; x_wconf 85' lang='lat' dir='ltr'><strong>verbis</strong></span> <span class='ocrx_word' id='word_1_102' title='bbox 1651 1523 1759 1577; x_wconf 86' lang='lat' dir='ltr'><strong>oris</strong></span> 
     </span>
     <span class='ocr_line' id='line_1_17' title="bbox 293 1599 594 1654; baseline -0.004 0"><span class='ocrx_word' id='word_1_103' title='bbox 293 1599 418 1654; x_wconf 88' lang='lat' dir='ltr'><strong>mei.</strong></span> <span class='ocrx_word' id='word_1_104' title='bbox 443 1600 512 1654; x_wconf 90' lang='lat' dir='ltr'><strong>V.</strong></span> <span class='ocrx_word' id='word_1_105' title='bbox 539 1603 594 1653; x_wconf 68' lang='lat'><strong>5.</strong></span> 
     </span>
    </p>

    <p class='ocr_par' dir='ltr' id='par_1_8' title="bbox 293 1679 1765 1819">
     <span class='ocr_line' id='line_1_18' title="bbox 359 1679 1765 1788; baseline 0.002 -52"><span class='ocrx_word' id='word_1_106' title='bbox 359 1685 448 1736; x_wconf 90' lang='grc'><strong>34.</strong></span> <span class='ocrx_word' id='word_1_107' title='bbox 487 1681 569 1736; x_wconf 92' lang='lat' dir='ltr'><strong>Ne</strong></span> <span class='ocrx_word' id='word_1_108' title='bbox 607 1679 848 1736; x_wconf 81' lang='lat' dir='ltr'><strong>dimittas</strong></span> <span class='ocrx_word' id='word_1_109' title='bbox 881 1695 1001 1736; x_wconf 86' lang='lat' dir='ltr'><strong>eam</strong></span> <span class='ocrx_word' id='word_1_110' title='bbox 1022 1683 1061 1750; x_wconf 83' lang='lat'><strong>¹,</strong></span> <span class='ocrx_word' id='word_1_111' title='bbox 1098 1687 1155 1736; x_wconf 88' lang='lat' dir='ltr'><strong>et</strong></span> <span class='ocrx_word' id='word_1_112' title='bbox 1176 1682 1459 1738; x_wconf 81' lang='lat' dir='ltr'><strong>custodiet</strong></span> <span class='ocrx_word' id='word_1_113' title='bbox 1470 1689 1551 1752; x_wconf 87' lang='lat' dir='ltr'><strong>te;</strong></span> <span class='ocrx_word' id='word_1_114' title='bbox 1598 1684 1765 1788; x_wconf 80' lang='lat' dir='ltr'><strong>dilige</strong></span> 
     </span>
     <span class='ocr_line' id='line_1_19' title="bbox 293 1763 1137 1826; baseline 0.001 -13"><span class='ocrx_word' id='word_1_115' title='bbox 293 1775 428 1826; x_wconf 87' lang='lat' dir='ltr'><strong>eam,</strong></span> <span class='ocrx_word' id='word_1_116' title='bbox 459 1766 515 1814; x_wconf 89' lang='lat' dir='ltr'><strong>et</strong></span> <span class='ocrx_word' id='word_1_117' title='bbox 537 1763 874 1816; x_wconf 82' lang='lat' dir='ltr'><strong>conservabit</strong></span> <span class='ocrx_word' id='word_1_118' title='bbox 893 1767 968 1814; x_wconf 84' lang='lat' dir='ltr'><strong>te.</strong></span> <span class='ocrx_word' id='word_1_119' title='bbox 991 1763 1059 1819; x_wconf 84' lang='lat' dir='ltr'><strong>V.</strong></span> <span class='ocrx_word' id='word_1_120' title='bbox 1086 1766 1137 1814; x_wconf 77' lang='grc'><strong>8.</strong></span> 
     </span>
    </p>

    <p class='ocr_par' dir='ltr' id='par_1_9' title="bbox 361 1839 1761 1913">
     <span class='ocr_line' id='line_1_20' title="bbox 361 1839 1761 1913; baseline 0.007 -23"><span class='ocrx_word' id='word_1_121' title='bbox 361 1843 448 1894; x_wconf 84' lang='grc'><strong>32.</strong></span> <span class='ocrx_word' id='word_1_122' title='bbox 486 1839 704 1894; x_wconf 86' lang='lat' dir='ltr'><strong>Posside</strong></span> <span class='ocrx_word' id='word_1_123' title='bbox 725 1841 1063 1910; x_wconf 86' lang='lat' dir='ltr'><strong>sapientiam,</strong></span> <span class='ocrx_word' id='word_1_124' title='bbox 1090 1847 1145 1896; x_wconf 86' lang='lat' dir='ltr'><strong>et</strong></span> <span class='ocrx_word' id='word_1_125' title='bbox 1176 1842 1233 1895; x_wconf 88' lang='lat' dir='ltr'><strong>in</strong></span> <span class='ocrx_word' id='word_1_126' title='bbox 1260 1842 1403 1898; x_wconf 87' lang='lat' dir='ltr'><strong>omni</strong></span> <span class='ocrx_word' id='word_1_127' title='bbox 1426 1843 1761 1913; x_wconf 82' lang='lat' dir='ltr'><strong>possessione</strong></span> 
     </span>
    </p>
   </div>
   <div class='ocr_carea' id='block_1_4' title="bbox 170 1919 1183 1992">
    <p class='ocr_par' dir='ltr' id='par_1_10' title="bbox 170 1919 1183 1992">
     <span class='ocr_line' id='line_1_21' title="bbox 170 1919 1183 1992; baseline 0.005 -21"><span class='ocrx_word' id='word_1_128' title='bbox 170 1927 179 1934; x_wconf 72' lang='lat'><em>⁰</em></span> <span class='ocrx_word' id='word_1_129' title='bbox 293 1919 386 1974; x_wconf 71' lang='lat' dir='ltr'><strong>tua</strong></span> <span class='ocrx_word' id='word_1_130' title='bbox 407 1920 625 1991; x_wconf 87' lang='lat' dir='ltr'><strong>acquire</strong></span> <span class='ocrx_word' id='word_1_131' title='bbox 647 1920 1008 1992; x_wconf 86' lang='lat' dir='ltr'><strong>prudentiam.</strong></span> <span class='ocrx_word' id='word_1_132' title='bbox 1036 1923 1103 1979; x_wconf 87' lang='lat' dir='ltr'><strong>V.</strong></span> <span class='ocrx_word' id='word_1_133' title='bbox 1129 1926 1183 1979; x_wconf 87' lang='lat'><strong>7.</strong></span> 
     </span>
    </p>
   </div>
   <div class='ocr_carea' id='block_1_5' title="bbox 287 2001 1755 2810">
    <p class='ocr_par' dir='ltr' id='par_1_11' title="bbox 291 2001 1755 2157">
     <span class='ocr_line' id='line_1_22' title="bbox 358 2001 1755 2074; baseline 0.006 -18"><span class='ocrx_word' id='word_1_134' title='bbox 358 2006 446 2056; x_wconf 88' lang='grc'><strong>33.</strong></span> <span class='ocrx_word' id='word_1_135' title='bbox 486 2001 674 2072; x_wconf 73' lang='lat' dir='ltr'><strong>Ari-ipe</strong></span> <span class='ocrx_word' id='word_1_136' title='bbox 695 2001 860 2071; x_wconf 82' lang='lat' dir='ltr'><strong>illam,</strong></span> <span class='ocrx_word' id='word_1_137' title='bbox 889 2009 946 2058; x_wconf 91' lang='lat' dir='ltr'><strong>et</strong></span> <span class='ocrx_word' id='word_1_138' title='bbox 971 2003 1231 2058; x_wconf 85' lang='lat' dir='ltr'><strong>exaltabit</strong></span> <span class='ocrx_word' id='word_1_139' title='bbox 1250 2010 1341 2060; x_wconf 86' lang='lat' dir='ltr'><strong>te:</strong></span> <span class='ocrx_word' id='word_1_140' title='bbox 1376 2005 1755 2074; x_wconf 81' lang='lat' dir='ltr'><strong>glorificaberis</strong></span> 
     </span>
     <span class='ocr_line' id='line_1_23' title="bbox 291 2083 1548 2157; baseline 0.004 -19"><span class='ocrx_word' id='word_1_141' title='bbox 291 2083 361 2140; x_wconf 87' lang='lat' dir='ltr'><strong>ab</strong></span> <span class='ocrx_word' id='word_1_142' title='bbox 384 2083 468 2152; x_wconf 66' lang='lat' dir='ltr'><strong>ed,</strong></span> <span class='ocrx_word' id='word_1_143' title='bbox 499 2099 666 2152; x_wconf 86' lang='lat' dir='ltr'><strong>quum</strong></span> <span class='ocrx_word' id='word_1_144' title='bbox 691 2099 810 2140; x_wconf 88' lang='lat' dir='ltr'><strong>eam</strong></span> <span class='ocrx_word' id='word_1_145' title='bbox 834 2083 1002 2139; x_wconf 84' lang='lat' dir='ltr'><strong>fueris</strong></span> <span class='ocrx_word' id='word_1_146' title='bbox 1015 2086 1371 2157; x_wconf 84' lang='lat' dir='ltr'><strong>amplexatus.</strong></span> <span class='ocrx_word' id='word_1_147' title='bbox 1397 2087 1466 2143; x_wconf 86' lang='lat' dir='ltr'><strong>V.</strong></span> <span class='ocrx_word' id='word_1_148' title='bbox 1493 2091 1548 2143; x_wconf 90' lang='grc'><strong>8.</strong></span> 
     </span>
    </p>

    <p class='ocr_par' dir='ltr' id='par_1_12' title="bbox 288 2164 1751 2318">
     <span class='ocr_line' id='line_1_24' title="bbox 360 2164 1751 2236; baseline 0.005 -18"><span class='ocrx_word' id='word_1_149' title='bbox 360 2167 448 2220; x_wconf 74' lang='grc'><strong>34.</strong></span> <span class='ocrx_word' id='word_1_150' title='bbox 485 2165 630 2220; x_wconf 85' lang='lat' dir='ltr'><strong>Tene</strong></span> <span class='ocrx_word' id='word_1_151' title='bbox 651 2164 1006 2236; x_wconf 82' lang='lat' dir='ltr'><strong>disciplinam,</strong></span> <span class='ocrx_word' id='word_1_152' title='bbox 1034 2181 1103 2222; x_wconf 87' lang='lat' dir='ltr'><strong>ne</strong></span> <span class='ocrx_word' id='word_1_153' title='bbox 1118 2167 1353 2224; x_wconf 83' lang='lat' dir='ltr'><strong>dimittas</strong></span> <span class='ocrx_word' id='word_1_154' title='bbox 1368 2183 1518 2224; x_wconf 86' lang='lat' dir='ltr'><strong>eam:</strong></span> <span class='ocrx_word' id='word_1_155' title='bbox 1546 2170 1751 2228; x_wconf 82' lang='lat' dir='ltr'><strong>custodi</strong></span> 
     </span>
     <span class='ocr_line' id='line_1_25' title="bbox 288 2245 1325 2318; baseline 0.004 -18"><span class='ocrx_word' id='word_1_156' title='bbox 288 2245 454 2316; x_wconf 83' lang='lat' dir='ltr'><strong>illam,</strong></span> <span class='ocrx_word' id='word_1_157' title='bbox 481 2247 609 2318; x_wconf 77' lang='lat' dir='ltr'><strong>qnia</strong></span> <span class='ocrx_word' id='word_1_158' title='bbox 632 2247 746 2318; x_wconf 85' lang='lat' dir='ltr'><strong>ipsa</strong></span> <span class='ocrx_word' id='word_1_159' title='bbox 771 2254 854 2302; x_wconf 86' lang='lat' dir='ltr'><strong>est</strong></span> <span class='ocrx_word' id='word_1_160' title='bbox 873 2247 986 2305; x_wconf 83' lang='lat' dir='ltr'><strong>vita</strong></span> <span class='ocrx_word' id='word_1_161' title='bbox 1006 2253 1121 2303; x_wconf 86' lang='lat' dir='ltr'><strong>tua.</strong></span> <span class='ocrx_word' id='word_1_162' title='bbox 1144 2247 1212 2304; x_wconf 89' lang='lat' dir='ltr'><strong>V.</strong></span> <span class='ocrx_word' id='word_1_163' title='bbox 1238 2252 1325 2304; x_wconf 88' lang='grc'><strong>43.</strong></span> 
     </span>
    </p>

    <p class='ocr_par' dir='ltr' id='par_1_13' title="bbox 287 2327 1754 2479">
     <span class='ocr_line' id='line_1_26' title="bbox 359 2327 1754 2399; baseline 0.004 -19"><span class='ocrx_word' id='word_1_164' title='bbox 359 2331 450 2380; x_wconf 74' lang='grc'><strong>33.</strong></span> <span class='ocrx_word' id='word_1_165' title='bbox 485 2329 566 2382; x_wconf 87' lang='lat' dir='ltr'><strong>Ne</strong></span> <span class='ocrx_word' id='word_1_166' title='bbox 585 2327 870 2384; x_wconf 82' lang='lat' dir='ltr'><strong>delecteris</strong></span> <span class='ocrx_word' id='word_1_167' title='bbox 899 2329 954 2382; x_wconf 91' lang='lat' dir='ltr'><strong>in</strong></span> <span class='ocrx_word' id='word_1_168' title='bbox 977 2329 1181 2384; x_wconf 85' lang='lat' dir='ltr'><strong>semitis</strong></span> <span class='ocrx_word' id='word_1_169' title='bbox 1200 2329 1503 2399; x_wconf 87' lang='lat' dir='ltr'><strong>impiorum,</strong></span> <span class='ocrx_word' id='word_1_170' title='bbox 1532 2347 1635 2386; x_wconf 89' lang='lat' dir='ltr'><strong>nec</strong></span> <span class='ocrx_word' id='word_1_171' title='bbox 1654 2332 1754 2388; x_wconf 88' lang='lat' dir='ltr'><strong>tibi</strong></span> 
     </span>
     <span class='ocr_line' id='line_1_27' title="bbox 287 2407 1107 2479; baseline 0 -17"><span class='ocrx_word' id='word_1_172' title='bbox 287 2407 496 2479; x_wconf 83' lang='lat' dir='ltr'><strong>placeat</strong></span> <span class='ocrx_word' id='word_1_173' title='bbox 517 2409 777 2462; x_wconf 90' lang='lat' dir='ltr'><strong>malorum</strong></span> <span class='ocrx_word' id='word_1_174' title='bbox 798 2410 906 2464; x_wconf 82' lang='lat' dir='ltr'><strong>via.</strong></span> <span class='ocrx_word' id='word_1_175' title='bbox 932 2409 998 2466; x_wconf 85' lang='lat' dir='ltr'><strong>V.</strong></span> <span class='ocrx_word' id='word_1_176' title='bbox 1022 2411 1107 2462; x_wconf 70' lang='grc'><strong>44.</strong></span> 
     </span>
    </p>

    <p class='ocr_par' dir='ltr' id='par_1_14' title="bbox 287 2489 1744 2632">
     <span class='ocr_line' id='line_1_28' title="bbox 357 2489 1744 2564; baseline 0.006 -22"><span class='ocrx_word' id='word_1_177' title='bbox 357 2492 444 2542; x_wconf 83' lang='grc'><strong>36.</strong></span> <span class='ocrx_word' id='word_1_178' title='bbox 479 2489 624 2560; x_wconf 86' lang='lat' dir='ltr'><strong>Fuge</strong></span> <span class='ocrx_word' id='word_1_179' title='bbox 639 2489 710 2544; x_wconf 89' lang='lat' dir='ltr'><strong>ab</strong></span> <span class='ocrx_word' id='word_1_180' title='bbox 727 2489 810 2560; x_wconf 65' lang='lat' dir='ltr'><strong>en,</strong></span> <span class='ocrx_word' id='word_1_181' title='bbox 837 2505 938 2546; x_wconf 89' lang='lat' dir='ltr'><strong>nec</strong></span> <span class='ocrx_word' id='word_1_182' title='bbox 957 2494 1201 2548; x_wconf 87' lang='lat' dir='ltr'><strong>transeas</strong></span> <span class='ocrx_word' id='word_1_183' title='bbox 1210 2507 1306 2564; x_wconf 87' lang='lat' dir='ltr'><strong>per</strong></span> <span class='ocrx_word' id='word_1_184' title='bbox 1322 2491 1496 2548; x_wconf 87' lang='lat' dir='ltr'><strong>illam:</strong></span> <span class='ocrx_word' id='word_1_185' title='bbox 1516 2493 1744 2563; x_wconf 85' lang='lat' dir='ltr'><strong>declina,</strong></span> 
     </span>
     <span class='ocr_line' id='line_1_29' title="bbox 287 2573 918 2632; baseline 0.003 -4"><span class='ocrx_word' id='word_1_186' title='bbox 287 2580 344 2629; x_wconf 88' lang='lat' dir='ltr'><strong>et</strong></span> <span class='ocrx_word' id='word_1_187' title='bbox 367 2573 555 2629; x_wconf 85' lang='lat' dir='ltr'><strong>desere</strong></span> <span class='ocrx_word' id='word_1_188' title='bbox 571 2589 712 2630; x_wconf 86' lang='lat' dir='ltr'><strong>eam.</strong></span> <span class='ocrx_word' id='word_1_189' title='bbox 738 2576 802 2632; x_wconf 91' lang='lat' dir='ltr'><strong>V.</strong></span> <span class='ocrx_word' id='word_1_190' title='bbox 829 2579 918 2630; x_wconf 77' lang='grc'><strong>45.</strong></span> 
     </span>
    </p>

    <p class='ocr_par' dir='ltr' id='par_1_15' title="bbox 289 2655 1745 2810">
     <span class='ocr_line' id='line_1_30' title="bbox 360 2655 1745 2730; baseline 0.001 -20"><span class='ocrx_word' id='word_1_191' title='bbox 360 2655 447 2729; x_wconf 77' lang='grc'><strong>37.</strong></span> <span class='ocrx_word' id='word_1_192' title='bbox 495 2655 666 2730; x_wconf 47' lang='lat' dir='ltr'><strong>Omni,</strong></span> <span class='ocrx_word' id='word_1_193' title='bbox 689 2656 932 2714; x_wconf 74' lang='lat' dir='ltr'><strong>custodia</strong></span> <span class='ocrx_word' id='word_1_194' title='bbox 964 2673 1123 2716; x_wconf 84' lang='lat' dir='ltr'><strong>serva</strong></span> <span class='ocrx_word' id='word_1_195' title='bbox 1162 2673 1255 2716; x_wconf 87' lang='lat' dir='ltr'><strong>cor</strong></span> <span class='ocrx_word' id='word_1_196' title='bbox 1292 2666 1475 2728; x_wconf 87' lang='lat' dir='ltr'><strong>tuum,</strong></span> <span class='ocrx_word' id='word_1_197' title='bbox 1518 2659 1643 2729; x_wconf 82' lang='lat' dir='ltr'><strong>quia</strong></span> <span class='ocrx_word' id='word_1_198' title='bbox 1680 2672 1745 2711; x_wconf 86' lang='lat' dir='ltr'><strong>ex</strong></span> 
     </span>
     <span class='ocr_line' id='line_1_31' title="bbox 289 2737 1021 2810; baseline 0.001 -18"><span class='ocrx_word' id='word_1_199' title='bbox 289 2737 404 2809; x_wconf 87' lang='lat' dir='ltr'><strong>ipso</strong></span> <span class='ocrx_word' id='word_1_200' title='bbox 424 2738 535 2794; x_wconf 87' lang='lat' dir='ltr'><strong>vita</strong></span> <span class='ocrx_word' id='word_1_201' title='bbox 556 2740 810 2810; x_wconf 86' lang='lat' dir='ltr'><strong>procedit.</strong></span> <span class='ocrx_word' id='word_1_202' title='bbox 840 2742 906 2798; x_wconf 90' lang='lat' dir='ltr'><strong>V.</strong></span> <span class='ocrx_word' id='word_1_203' title='bbox 929 2743 1021 2796; x_wconf 81' lang='grc'><strong>23.</strong></span> 
     </span>
    </p>
   </div>
   <div class='ocr_carea' id='block_1_6' title="bbox 346 2843 825 2901">
    <p class='ocr_par' dir='ltr' id='par_1_16' title="bbox 346 2843 825 2901">
     <span class='ocr_line' id='line_1_32' title="bbox 346 2843 825 2901; baseline 0.01 -14"><span class='ocrx_word' id='word_1_204' title='bbox 346 2853 383 2888; x_wconf 77' lang='grc' dir='ltr'><strong>ι.</strong></span> <span class='ocrx_word' id='word_1_205' title='bbox 411 2843 542 2890; x_wconf 77' lang='lat' dir='ltr'><strong>Eam.</strong></span> <span class='ocrx_word' id='word_1_206' title='bbox 559 2849 620 2889; x_wconf 76' lang='lat' dir='ltr'><strong>La</strong></span> <span class='ocrx_word' id='word_1_207' title='bbox 633 2857 825 2901; x_wconf 68' lang='lat' dir='ltr'><strong>negasse.</strong></span> 
     </span>
    </p>
   </div>
  </div>
 </body>
</html>
