<?xml version="1.0" encoding="UTF-8"?>
<!DOCTYPE html PUBLIC "-//W3C//DTD XHTML 1.0 Transitional//EN"
    "http://www.w3.org/TR/xhtml1/DTD/xhtml1-transitional.dtd">
<html xmlns="http://www.w3.org/1999/xhtml" xml:lang="en" lang="en">
 <head>
  <title>
</title>
<meta http-equiv="Content-Type" content="text/html;charset=utf-8" />
  <meta name='ocr-system' content='tesseract 3.04.00' />
  <meta name='ocr-capabilities' content='ocr_page ocr_carea ocr_par ocr_line ocrx_word'/>
</head>
<body>
  <div class='ocr_page' id='page_1' title='image "./maximestiresdel00rollgoog/maximestiresdel00rollgoog_0099.png"; bbox 0 0 2034 3234; ppageno 0'>
   <div class='ocr_carea' id='block_1_1' title="bbox 921 243 1127 314">
    <p class='ocr_par' dir='ltr' id='par_1_1' title="bbox 921 243 1127 314">
     <span class='ocr_line' id='line_1_1' title="bbox 921 243 1127 314; baseline 0.029 -6"><span class='ocrx_word' id='word_1_1' title='bbox 921 243 1127 314; x_wconf 76' lang='grc'>(89)</span> 
     </span>
    </p>
   </div>
   <div class='ocr_carea' id='block_1_2' title="bbox 284 381 1743 456">
    <p class='ocr_par' dir='ltr' id='par_1_2' title="bbox 284 381 1743 456">
     <span class='ocr_line' id='line_1_2' title="bbox 284 381 1743 456; baseline 0.003 -11"><span class='ocrx_word' id='word_1_2' title='bbox 284 391 480 445; x_wconf 68' lang='lat' dir='ltr'><strong>mxffl</strong></span> <span class='ocrx_word' id='word_1_3' title='bbox 487 391 557 440; x_wconf 73' lang='lat' dir='ltr'><strong>ns</strong></span> <span class='ocrx_word' id='word_1_4' title='bbox 567 381 783 441; x_wconf 59' lang='lat' dir='ltr'><strong>&#39;miens</strong></span> <span class='ocrx_word' id='word_1_5' title='bbox 791 391 873 442; x_wconf 80' lang='lat' dir='ltr'><strong>DE</strong></span> <span class='ocrx_word' id='word_1_6' title='bbox 887 381 1167 444; x_wconf 62' lang='lat' dir='ltr'><strong>Lvm‘rrnn</strong></span> <span class='ocrx_word' id='word_1_7' title='bbox 1178 393 1259 444; x_wconf 71' lang='lat' dir='ltr'><strong>ms:</strong></span> <span class='ocrx_word' id='word_1_8' title='bbox 1274 391 1453 444; x_wconf 76' lang='lat' dir='ltr'><strong>sAmT</strong></span> <span class='ocrx_word' id='word_1_9' title='bbox 1459 393 1743 456; x_wconf 61' lang='lat' dir='ltr'><strong>’mouns-</strong></span> 
     </span>
    </p>
   </div>
   <div class='ocr_carea' id='block_1_3' title="bbox 275 511 1747 1027">
    <p class='ocr_par' dir='ltr' id='par_1_3' title="bbox 275 511 1747 1027">
     <span class='ocr_line' id='line_1_3' title="bbox 343 511 1747 578; baseline 0.004 -15"><span class='ocrx_word' id='word_1_10' title='bbox 343 511 477 563; x_wconf 78' lang='lat' dir='ltr'><strong>Saint</strong></span> <span class='ocrx_word' id='word_1_11' title='bbox 492 513 695 576; x_wconf 73' lang='lat' dir='ltr'><strong>lacque·</strong></span> <span class='ocrx_word' id='word_1_12' title='bbox 711 516 756 562; x_wconf 82' lang='lat' dir='ltr'><strong>le</strong></span> <span class='ocrx_word' id='word_1_13' title='bbox 774 516 976 575; x_wconf 79' lang='lat' dir='ltr'><strong>Mineur,</strong></span> <span class='ocrx_word' id='word_1_14' title='bbox 993 516 1093 564; x_wconf 87' lang='lat' dir='ltr'><strong>l’un</strong></span> <span class='ocrx_word' id='word_1_15' title='bbox 1118 518 1205 564; x_wconf 80' lang='lat' dir='ltr'><strong>des</strong></span> <span class='ocrx_word' id='word_1_16' title='bbox 1226 517 1379 564; x_wconf 71' lang='lat' dir='ltr'><strong>douae</strong></span> <span class='ocrx_word' id='word_1_17' title='bbox 1392 519 1607 578; x_wconf 67' lang='lat' dir='ltr'><strong>epoti-es,</strong></span> <span class='ocrx_word' id='word_1_18' title='bbox 1620 517 1747 568; x_wconf 71' lang='lat' dir='ltr'><strong>trem</strong></span> 
     </span>
     <span class='ocr_line' id='line_1_4' title="bbox 280 591 1743 651; baseline 0.001 -11"><span class='ocrx_word' id='word_1_19' title='bbox 280 592 341 640; x_wconf 75' lang='lat' dir='ltr'><strong>de</strong></span> <span class='ocrx_word' id='word_1_20' title='bbox 363 594 488 640; x_wconf 75' lang='lat' dir='ltr'><strong>saint</strong></span> <span class='ocrx_word' id='word_1_21' title='bbox 511 591 678 640; x_wconf 77' lang='lat' dir='ltr'><strong>Simon</strong></span> <span class='ocrx_word' id='word_1_22' title='bbox 700 598 750 638; x_wconf 82' lang='lat' dir='ltr'><strong>et</strong></span> <span class='ocrx_word' id='word_1_23' title='bbox 773 591 834 640; x_wconf 81' lang='lat' dir='ltr'><strong>de</strong></span> <span class='ocrx_word' id='word_1_24' title='bbox 855 592 980 641; x_wconf 75' lang='lat' dir='ltr'><strong>saint</strong></span> <span class='ocrx_word' id='word_1_25' title='bbox 1002 591 1142 649; x_wconf 82' lang='lat' dir='ltr'><strong>Jude,</strong></span> <span class='ocrx_word' id='word_1_26' title='bbox 1168 593 1241 640; x_wconf 75' lang='lat' dir='ltr'><strong>fils</strong></span> <span class='ocrx_word' id='word_1_27' title='bbox 1266 593 1327 640; x_wconf 83' lang='lat' dir='ltr'><strong>de</strong></span> <span class='ocrx_word' id='word_1_28' title='bbox 1352 593 1517 651; x_wconf 76' lang='lat' dir='ltr'><strong>Mai-ie,</strong></span> <span class='ocrx_word' id='word_1_29' title='bbox 1554 594 1596 642; x_wconf 77' lang='lat' dir='ltr'><strong>ia</strong></span> <span class='ocrx_word' id='word_1_30' title='bbox 1619 607 1743 642; x_wconf 77' lang='lat' dir='ltr'><strong>soeur</strong></span> 
     </span>
     <span class='ocr_line' id='line_1_5' title="bbox 279 665 1742 727; baseline 0.001 -11"><span class='ocrx_word' id='word_1_31' title='bbox 279 666 340 716; x_wconf 84' lang='lat' dir='ltr'><strong>de</strong></span> <span class='ocrx_word' id='word_1_32' title='bbox 361 667 406 714; x_wconf 81' lang='lat' dir='ltr'><strong>ia</strong></span> <span class='ocrx_word' id='word_1_33' title='bbox 431 665 618 724; x_wconf 78' lang='lat' dir='ltr'><strong>vierge,</strong></span> <span class='ocrx_word' id='word_1_34' title='bbox 645 671 696 714; x_wconf 84' lang='lat' dir='ltr'><strong>et</strong></span> <span class='ocrx_word' id='word_1_35' title='bbox 719 667 884 712; x_wconf 83' lang='lat' dir='ltr'><strong>cousin</strong></span> <span class='ocrx_word' id='word_1_36' title='bbox 909 666 970 712; x_wconf 86' lang='lat' dir='ltr'><strong>de</strong></span> <span class='ocrx_word' id='word_1_37' title='bbox 994 665 1332 725; x_wconf 70' lang='lat' dir='ltr'><strong>lesus-Christ,</strong></span> <span class='ocrx_word' id='word_1_38' title='bbox 1359 667 1431 714; x_wconf 79' lang='lat' dir='ltr'><strong>fut</strong></span> <span class='ocrx_word' id='word_1_39' title='bbox 1447 668 1595 714; x_wconf 85' lang='lat' dir='ltr'><strong>choisi</strong></span> <span class='ocrx_word' id='word_1_40' title='bbox 1620 681 1742 727; x_wconf 80' lang='lat' dir='ltr'><strong>pour</strong></span> 
     </span>
     <span class='ocr_line' id='line_1_6' title="bbox 277 740 1740 802; baseline 0.001 -13"><span class='ocrx_word' id='word_1_41' title='bbox 277 741 458 800; x_wconf 72' lang='lat' dir='ltr'><strong>eveque</strong></span> <span class='ocrx_word' id='word_1_42' title='bbox 483 742 544 788; x_wconf 86' lang='lat' dir='ltr'><strong>de</strong></span> <span class='ocrx_word' id='word_1_43' title='bbox 565 740 853 798; x_wconf 73' lang='lat' dir='ltr'><strong>Jerusaiem,</strong></span> <span class='ocrx_word' id='word_1_44' title='bbox 878 753 972 799; x_wconf 86' lang='lat' dir='ltr'><strong>peu</strong></span> <span class='ocrx_word' id='word_1_45' title='bbox 1003 743 1063 788; x_wconf 86' lang='lat' dir='ltr'><strong>de</strong></span> <span class='ocrx_word' id='word_1_46' title='bbox 1086 744 1225 802; x_wconf 75' lang='lat' dir='ltr'><strong>jours</strong></span> <span class='ocrx_word' id='word_1_47' title='bbox 1256 743 1395 801; x_wconf 73' lang='lat' dir='ltr'><strong>apres</strong></span> <span class='ocrx_word' id='word_1_48' title='bbox 1428 741 1740 792; x_wconf 83' lang='lat' dir='ltr'><strong>l’Ascension.</strong></span> 
     </span>
     <span class='ocr_line' id='line_1_7' title="bbox 284 813 1741 877; baseline 0.002 -16"><span class='ocrx_word' id='word_1_49' title='bbox 284 813 348 861; x_wconf 85' lang='lat' dir='ltr'><strong>Le</strong></span> <span class='ocrx_word' id='word_1_50' title='bbox 371 815 520 872; x_wconf 76' lang='lat' dir='ltr'><strong>grand</strong></span> <span class='ocrx_word' id='word_1_51' title='bbox 558 818 718 877; x_wconf 79' lang='lat' dir='ltr'><strong>pretre</strong></span> <span class='ocrx_word' id='word_1_52' title='bbox 745 819 937 862; x_wconf 79' lang='lat' dir='ltr'><strong>Ananus</strong></span> <span class='ocrx_word' id='word_1_53' title='bbox 970 813 1014 861; x_wconf 86' lang='lat' dir='ltr'><strong>le</strong></span> <span class='ocrx_word' id='word_1_54' title='bbox 1052 816 1104 862; x_wconf 82' lang='lat' dir='ltr'><strong>fit</strong></span> <span class='ocrx_word' id='word_1_55' title='bbox 1140 817 1401 877; x_wconf 70' lang='lat' dir='ltr'><strong>precipiter</strong></span> <span class='ocrx_word' id='word_1_56' title='bbox 1432 815 1499 863; x_wconf 88' lang='lat' dir='ltr'><strong>du</strong></span> <span class='ocrx_word' id='word_1_57' title='bbox 1536 819 1652 864; x_wconf 84' lang='lat' dir='ltr'><strong>haut</strong></span> <span class='ocrx_word' id='word_1_58' title='bbox 1674 819 1741 865; x_wconf 87' lang='lat' dir='ltr'><strong>du</strong></span> 
     </span>
     <span class='ocr_line' id='line_1_8' title="bbox 279 888 1741 952; baseline 0.004 -19"><span class='ocrx_word' id='word_1_59' title='bbox 279 890 475 950; x_wconf 84' lang='lat' dir='ltr'><strong>temple,</strong></span> <span class='ocrx_word' id='word_1_60' title='bbox 514 903 574 936; x_wconf 88' lang='lat' dir='ltr'><strong>en</strong></span> <span class='ocrx_word' id='word_1_61' title='bbox 613 889 708 936; x_wconf 86' lang='lat' dir='ltr'><strong>l’an</strong></span> <span class='ocrx_word' id='word_1_62' title='bbox 734 892 811 938; x_wconf 78' lang='lat'><strong>62.</strong></span> <span class='ocrx_word' id='word_1_63' title='bbox 837 888 907 936; x_wconf 91' lang='lat' dir='ltr'><strong>On</strong></span> <span class='ocrx_word' id='word_1_64' title='bbox 932 903 959 936; x_wconf 84' lang='lat' dir='ltr'>a</span> <span class='ocrx_word' id='word_1_65' title='bbox 982 890 1044 937; x_wconf 89' lang='lat' dir='ltr'><strong>de</strong></span> <span class='ocrx_word' id='word_1_66' title='bbox 1079 891 1201 938; x_wconf 86' lang='lat' dir='ltr'><strong>saint</strong></span> <span class='ocrx_word' id='word_1_67' title='bbox 1232 889 1437 950; x_wconf 70' lang='lat' dir='ltr'><strong>lacques</strong></span> <span class='ocrx_word' id='word_1_68' title='bbox 1459 903 1552 938; x_wconf 81' lang='lat' dir='ltr'><strong>une</strong></span> <span class='ocrx_word' id='word_1_69' title='bbox 1587 893 1741 952; x_wconf 69' lang='lat' dir='ltr'><strong>epitre</strong></span> 
     </span>
     <span class='ocr_line' id='line_1_9' title="bbox 275 965 1735 1027; baseline 0.003 -17"><span class='ocrx_word' id='word_1_70' title='bbox 275 967 541 1024; x_wconf 81' lang='lat' dir='ltr'><strong>canonique</strong></span> <span class='ocrx_word' id='word_1_71' title='bbox 564 965 679 1013; x_wconf 76' lang='lat' dir='ltr'><strong>d’oii</strong></span> <span class='ocrx_word' id='word_1_72' title='bbox 701 972 810 1013; x_wconf 90' lang='lat' dir='ltr'><strong>sont</strong></span> <span class='ocrx_word' id='word_1_73' title='bbox 833 968 1060 1013; x_wconf 72' lang='lat' dir='ltr'><strong>extranee</strong></span> <span class='ocrx_word' id='word_1_74' title='bbox 1084 967 1154 1013; x_wconf 76' lang='lat' dir='ltr'><strong>les</strong></span> <span class='ocrx_word' id='word_1_75' title='bbox 1176 969 1407 1014; x_wconf 73' lang='lat' dir='ltr'><strong>maximos</strong></span> <span class='ocrx_word' id='word_1_76' title='bbox 1427 968 1511 1027; x_wconf 85' lang='lat' dir='ltr'><strong>qui</strong></span> <span class='ocrx_word' id='word_1_77' title='bbox 1533 967 1735 1017; x_wconf 79' lang='lat' dir='ltr'><strong>suivent.</strong></span> 
     </span>
    </p>
   </div>
   <div class='ocr_carea' id='block_1_4' title="bbox 263 1095 1737 2738">
    <p class='ocr_par' dir='ltr' id='par_1_4' title="bbox 271 1095 1737 1398">
     <span class='ocr_line' id='line_1_10' title="bbox 345 1095 1737 1167; baseline 0.003 -21"><span class='ocrx_word' id='word_1_78' title='bbox 345 1099 396 1148; x_wconf 98' lang='grc'><strong>4.</strong></span> <span class='ocrx_word' id='word_1_79' title='bbox 437 1095 492 1150; x_wconf 90' lang='lat' dir='ltr'><strong>Si</strong></span> <span class='ocrx_word' id='word_1_80' title='bbox 513 1095 638 1166; x_wconf 85' lang='lat' dir='ltr'><strong>quis</strong></span> <span class='ocrx_word' id='word_1_81' title='bbox 655 1095 892 1150; x_wconf 74' lang='lat' dir='ltr'><strong>vestrum</strong></span> <span class='ocrx_word' id='word_1_82' title='bbox 917 1095 1122 1165; x_wconf 83' lang='lat' dir='ltr'><strong>indiget</strong></span> <span class='ocrx_word' id='word_1_83' title='bbox 1142 1095 1423 1167; x_wconf 63' lang='lat' dir='ltr'><strong>sapientia,</strong></span> <span class='ocrx_word' id='word_1_84' title='bbox 1448 1095 1684 1166; x_wconf 82' lang='lat' dir='ltr'><strong>postulet</strong></span> <span class='ocrx_word' id='word_1_85' title='bbox 1704 1112 1737 1151; x_wconf 82' lang='lat' dir='ltr'><strong>a</strong></span> 
     </span>
     <span class='ocr_line' id='line_1_11' title="bbox 275 1178 1735 1249; baseline -0.003 -13"><span class='ocrx_word' id='word_1_86' title='bbox 275 1181 402 1248; x_wconf 82' lang='lat' dir='ltr'><strong>Deo,</strong></span> <span class='ocrx_word' id='word_1_87' title='bbox 432 1181 520 1249; x_wconf 90' lang='lat' dir='ltr'><strong>qui</strong></span> <span class='ocrx_word' id='word_1_88' title='bbox 559 1179 656 1234; x_wconf 82' lang='lat' dir='ltr'><strong>dat</strong></span> <span class='ocrx_word' id='word_1_89' title='bbox 681 1180 932 1232; x_wconf 82' lang='lat' dir='ltr'><strong>omnibus</strong></span> <span class='ocrx_word' id='word_1_90' title='bbox 953 1179 1257 1246; x_wconf 78' lang='lat' dir='ltr'><strong>affluenter,</strong></span> <span class='ocrx_word' id='word_1_91' title='bbox 1297 1184 1353 1234; x_wconf 82' lang='lat' dir='ltr'><strong>et</strong></span> <span class='ocrx_word' id='word_1_92' title='bbox 1390 1193 1497 1232; x_wconf 86' lang='lat' dir='ltr'><strong>non</strong></span> <span class='ocrx_word' id='word_1_93' title='bbox 1533 1178 1735 1248; x_wconf 85' lang='lat' dir='ltr'><strong>impro-</strong></span> 
     </span>
     <span class='ocr_line' id='line_1_12' title="bbox 273 1259 1735 1332; baseline 0.001 -19"><span class='ocrx_word' id='word_1_94' title='bbox 273 1269 456 1332; x_wconf 54' lang='lat' dir='ltr'><strong>peram</strong></span> <span class='ocrx_word' id='word_1_95' title='bbox 505 1269 557 1318; x_wconf 85' lang='lat' dir='ltr'><strong>et</strong></span> <span class='ocrx_word' id='word_1_96' title='bbox 578 1261 793 1316; x_wconf 76' lang='lat' dir='ltr'><strong>dabitur</strong></span> <span class='ocrx_word' id='word_1_97' title='bbox 813 1260 884 1314; x_wconf 89' lang='lat' dir='ltr'><strong>ei.</strong></span> <span class='ocrx_word' id='word_1_98' title='bbox 921 1259 1153 1315; x_wconf 84' lang='lat' dir='ltr'><strong>Postulet</strong></span> <span class='ocrx_word' id='word_1_99' title='bbox 1174 1267 1357 1316; x_wconf 80' lang='lat' dir='ltr'><strong>autem</strong></span> <span class='ocrx_word' id='word_1_100' title='bbox 1379 1259 1435 1316; x_wconf 89' lang='lat' dir='ltr'><strong>in</strong></span> <span class='ocrx_word' id='word_1_101' title='bbox 1459 1259 1580 1329; x_wconf 87' lang='lat' dir='ltr'><strong>fide,</strong></span> <span class='ocrx_word' id='word_1_102' title='bbox 1604 1259 1735 1315; x_wconf 89' lang='lat' dir='ltr'>nihil</span> 
     </span>
     <span class='ocr_line' id='line_1_13' title="bbox 271 1341 996 1398; baseline -0.001 -1"><span class='ocrx_word' id='word_1_103' title='bbox 271 1341 540 1398; x_wconf 66' lang='lat' dir='ltr'><strong>haesitans,</strong></span> <span class='ocrx_word' id='word_1_104' title='bbox 568 1342 626 1398; x_wconf 90' lang='lat' dir='ltr'><strong>C.</strong></span> <span class='ocrx_word' id='word_1_105' title='bbox 656 1359 698 1398; x_wconf 91' lang='lat'><strong>1.</strong></span> <span class='ocrx_word' id='word_1_106' title='bbox 731 1359 784 1396; x_wconf 86' lang='lat' dir='ltr'><strong>v.</strong></span> <span class='ocrx_word' id='word_1_107' title='bbox 810 1345 842 1396; x_wconf 80' lang='lat'>5</span> <span class='ocrx_word' id='word_1_108' title='bbox 871 1348 925 1396; x_wconf 83' lang='lat' dir='ltr'><strong>et</strong></span> <span class='ocrx_word' id='word_1_109' title='bbox 943 1344 996 1396; x_wconf 87' lang='grc'><strong>6.</strong></span> 
     </span>
    </p>

    <p class='ocr_par' dir='ltr' id='par_1_5' title="bbox 268 1423 1733 1988">
     <span class='ocr_line' id='line_1_14' title="bbox 335 1423 1731 1497; baseline -0.001 -16"><span class='ocrx_word' id='word_1_110' title='bbox 335 1428 387 1481; x_wconf 74' lang='lat'><strong>2.</strong></span> <span class='ocrx_word' id='word_1_111' title='bbox 429 1425 619 1492; x_wconf 84' lang='lat' dir='ltr'><strong>Nemo,</strong></span> <span class='ocrx_word' id='word_1_112' title='bbox 645 1441 812 1497; x_wconf 91' lang='lat' dir='ltr'><strong>quum</strong></span> <span class='ocrx_word' id='word_1_113' title='bbox 836 1429 1095 1491; x_wconf 80' lang='lat' dir='ltr'><strong>tentatur,</strong></span> <span class='ocrx_word' id='word_1_114' title='bbox 1124 1423 1269 1480; x_wconf 73' lang='lat' dir='ltr'><strong>dicat</strong></span> <span class='ocrx_word' id='word_1_115' title='bbox 1292 1423 1545 1496; x_wconf 79' lang='lat' dir='ltr'><strong>quoniam</strong></span> <span class='ocrx_word' id='word_1_116' title='bbox 1566 1440 1599 1480; x_wconf 83' lang='lat' dir='ltr'>a</span> <span class='ocrx_word' id='word_1_117' title='bbox 1623 1426 1731 1480; x_wconf 89' lang='lat' dir='ltr'><strong>Deo</strong></span> 
     </span>
     <span class='ocr_line' id='line_1_15' title="bbox 270 1507 1733 1578; baseline 0.003 -18"><span class='ocrx_word' id='word_1_118' title='bbox 270 1513 530 1573; x_wconf 58' lang='lat' dir='ltr'><strong>tentatum</strong></span> <span class='ocrx_word' id='word_1_119' title='bbox 555 1510 696 1560; x_wconf 83' lang='lat' dir='ltr'><strong>Deus</strong></span> <span class='ocrx_word' id='word_1_120' title='bbox 721 1508 868 1561; x_wconf 87' lang='lat' dir='ltr'><strong>enim</strong></span> <span class='ocrx_word' id='word_1_121' title='bbox 889 1508 1181 1562; x_wconf 72' lang='lat' dir='ltr'><strong>intentator</strong></span> <span class='ocrx_word' id='word_1_122' title='bbox 1202 1507 1465 1562; x_wconf 81' lang='lat' dir='ltr'><strong>maiorum</strong></span> <span class='ocrx_word' id='word_1_123' title='bbox 1482 1515 1595 1562; x_wconf 80' lang='lat' dir='ltr'><strong>est:</strong></span> <span class='ocrx_word' id='word_1_124' title='bbox 1620 1508 1733 1578; x_wconf 84' lang='lat' dir='ltr'><strong>ipse</strong></span> 
     </span>
     <span class='ocr_line' id='line_1_16' title="bbox 269 1587 1731 1656; baseline 0.001 -13"><span class='ocrx_word' id='word_1_125' title='bbox 269 1596 450 1644; x_wconf 83' lang='lat' dir='ltr'><strong>autem</strong></span> <span class='ocrx_word' id='word_1_126' title='bbox 490 1587 758 1642; x_wconf 88' lang='lat' dir='ltr'><strong>neminem</strong></span> <span class='ocrx_word' id='word_1_127' title='bbox 803 1592 994 1641; x_wconf 81' lang='lat' dir='ltr'><strong>tentat.</strong></span> <span class='ocrx_word' id='word_1_128' title='bbox 1035 1587 1409 1656; x_wconf 80' lang='lat' dir='ltr'><strong>Unusquisque</strong></span> <span class='ocrx_word' id='word_1_129' title='bbox 1451 1587 1577 1642; x_wconf 75' lang='lat' dir='ltr'><strong>vero</strong></span> <span class='ocrx_word' id='word_1_130' title='bbox 1620 1596 1731 1644; x_wconf 82' lang='lat' dir='ltr'><strong>ten·</strong></span> 
     </span>
     <span class='ocr_line' id='line_1_17' title="bbox 270 1669 1725 1739; baseline 0.002 -13"><span class='ocrx_word' id='word_1_131' title='bbox 270 1677 412 1726; x_wconf 82' lang='lat' dir='ltr'><strong>tatur</strong></span> <span class='ocrx_word' id='word_1_132' title='bbox 449 1685 480 1724; x_wconf 85' lang='lat' dir='ltr'><strong>a</strong></span> <span class='ocrx_word' id='word_1_133' title='bbox 508 1669 940 1739; x_wconf 60' lang='lat' dir='ltr'><strong>concupiscentie</strong></span> <span class='ocrx_word' id='word_1_134' title='bbox 966 1669 1067 1723; x_wconf 66' lang='lat' dir='ltr'><strong>susi</strong></span> <span class='ocrx_word' id='word_1_135' title='bbox 1099 1670 1401 1724; x_wconf 77' lang='lat' dir='ltr'><strong>abstractus</strong></span> <span class='ocrx_word' id='word_1_136' title='bbox 1424 1677 1478 1724; x_wconf 74' lang='lat' dir='ltr'><strong>et</strong></span> <span class='ocrx_word' id='word_1_137' title='bbox 1500 1669 1725 1728; x_wconf 81' lang='lat' dir='ltr'><strong>illectus.</strong></span> 
     </span>
     <span class='ocr_line' id='line_1_18' title="bbox 271 1751 1731 1822; baseline -0.001 -15"><span class='ocrx_word' id='word_1_138' title='bbox 271 1753 468 1807; x_wconf 78' lang='lat' dir='ltr'>Deinde</span> <span class='ocrx_word' id='word_1_139' title='bbox 515 1752 976 1822; x_wconf 78' lang='lat' dir='ltr'><strong>concupiscentia,</strong></span> <span class='ocrx_word' id='word_1_140' title='bbox 1017 1767 1185 1821; x_wconf 86' lang='lat' dir='ltr'><strong>quum</strong></span> <span class='ocrx_word' id='word_1_141' title='bbox 1224 1751 1558 1822; x_wconf 78' lang='lat' dir='ltr'><strong>conceperit,</strong></span> <span class='ocrx_word' id='word_1_142' title='bbox 1592 1755 1731 1822; x_wconf 74' lang='lat' dir='ltr'><strong>parit</strong></span> 
     </span>
     <span class='ocr_line' id='line_1_19' title="bbox 269 1836 1729 1905; baseline 0.005 -18"><span class='ocrx_word' id='word_1_143' title='bbox 269 1839 544 1905; x_wconf 81' lang='lat' dir='ltr'><strong>peccatum</strong></span> <span class='ocrx_word' id='word_1_144' title='bbox 573 1851 586 1887; x_wconf 73' lang='grc' dir='ltr'><strong>ε</strong></span> <span class='ocrx_word' id='word_1_145' title='bbox 615 1841 892 1905; x_wconf 77' lang='lat' dir='ltr'><strong>peccatum</strong></span> <span class='ocrx_word' id='word_1_146' title='bbox 925 1836 1071 1898; x_wconf 83' lang='lat' dir='ltr'><strong>vero,</strong></span> <span class='ocrx_word' id='word_1_147' title='bbox 1105 1849 1272 1904; x_wconf 85' lang='lat' dir='ltr'><strong>quum</strong></span> <span class='ocrx_word' id='word_1_148' title='bbox 1303 1843 1729 1894; x_wconf 74' lang='lat' dir='ltr'><strong>consummatum</strong></span> 
     </span>
     <span class='ocr_line' id='line_1_20' title="bbox 268 1916 1447 1988; baseline -0.002 -16"><span class='ocrx_word' id='word_1_149' title='bbox 268 1916 448 1986; x_wconf 76' lang='lat' dir='ltr'><strong>fuerit,</strong></span> <span class='ocrx_word' id='word_1_150' title='bbox 473 1922 696 1988; x_wconf 82' lang='lat' dir='ltr'><strong>generat</strong></span> <span class='ocrx_word' id='word_1_151' title='bbox 717 1925 962 1972; x_wconf 81' lang='lat' dir='ltr'><strong>mortem.</strong></span> <span class='ocrx_word' id='word_1_152' title='bbox 987 1919 1053 1972; x_wconf 89' lang='lat' dir='ltr'><strong>V.</strong></span> <span class='ocrx_word' id='word_1_153' title='bbox 1081 1921 1165 1986; x_wconf 86' lang='grc'><strong>43,</strong></span> <span class='ocrx_word' id='word_1_154' title='bbox 1196 1921 1261 1972; x_wconf 79' lang='grc'><strong>44</strong></span> <span class='ocrx_word' id='word_1_155' title='bbox 1286 1925 1341 1973; x_wconf 82' lang='lat' dir='ltr'><strong>et</strong></span> <span class='ocrx_word' id='word_1_156' title='bbox 1360 1921 1447 1974; x_wconf 75' lang='lat'><strong>⁴5.</strong></span> 
     </span>
    </p>

    <p class='ocr_par' dir='ltr' id='par_1_6' title="bbox 263 2001 1727 2308">
     <span class='ocr_line' id='line_1_21' title="bbox 334 2001 1727 2072; baseline 0.001 -18"><span class='ocrx_word' id='word_1_157' title='bbox 334 2004 386 2056; x_wconf 78' lang='grc'><strong>3.</strong></span> <span class='ocrx_word' id='word_1_158' title='bbox 425 2001 598 2056; x_wconf 88' lang='lat' dir='ltr'><strong>Omne</strong></span> <span class='ocrx_word' id='word_1_159' title='bbox 615 2002 800 2054; x_wconf 83' lang='lat' dir='ltr'><strong>datum</strong></span> <span class='ocrx_word' id='word_1_160' title='bbox 825 2001 1091 2071; x_wconf 84' lang='lat' dir='ltr'><strong>optimum</strong></span> <span class='ocrx_word' id='word_1_161' title='bbox 1128 2006 1183 2056; x_wconf 78' lang='lat' dir='ltr'><strong>et</strong></span> <span class='ocrx_word' id='word_1_162' title='bbox 1202 2016 1360 2056; x_wconf 89' lang='lat' dir='ltr'><strong>omne</strong></span> <span class='ocrx_word' id='word_1_163' title='bbox 1384 2002 1583 2056; x_wconf 89' lang='lat' dir='ltr'><strong>donum</strong></span> <span class='ocrx_word' id='word_1_164' title='bbox 1607 2017 1727 2072; x_wconf 83' lang='lat' dir='ltr'><strong>per-</strong></span> 
     </span>
     <span class='ocr_line' id='line_1_22' title="bbox 267 2085 1725 2155; baseline 0 -13"><span class='ocrx_word' id='word_1_165' title='bbox 267 2086 458 2142; x_wconf 75' lang='lat' dir='ltr'><strong>fectum</strong></span> <span class='ocrx_word' id='word_1_166' title='bbox 493 2088 772 2142; x_wconf 78' lang='lat' dir='ltr'><strong>desursum</strong></span> <span class='ocrx_word' id='word_1_167' title='bbox 795 2093 893 2155; x_wconf 85' lang='lat' dir='ltr'><strong>est,</strong></span> <span class='ocrx_word' id='word_1_168' title='bbox 937 2087 1269 2142; x_wconf 79' lang='lat' dir='ltr'><strong>descendens</strong></span> <span class='ocrx_word' id='word_1_169' title='bbox 1303 2102 1336 2142; x_wconf 85' lang='lat' dir='ltr'><strong>a</strong></span> <span class='ocrx_word' id='word_1_170' title='bbox 1376 2087 1531 2142; x_wconf 79' lang='lat' dir='ltr'><strong>Patre</strong></span> <span class='ocrx_word' id='word_1_171' title='bbox 1561 2085 1725 2144; x_wconf 86' lang='lat' dir='ltr'><strong>lumi·-</strong></span> 
     </span>
     <span class='ocr_line' id='line_1_23' title="bbox 266 2170 1721 2242; baseline 0.003 -19"><span class='ocrx_word' id='word_1_172' title='bbox 266 2186 394 2224; x_wconf 88' lang='lat' dir='ltr'><strong>num</strong></span> <span class='ocrx_word' id='word_1_173' title='bbox 412 2211 426 2239; x_wconf 91' lang='lat'>‚</span> <span class='ocrx_word' id='word_1_174' title='bbox 455 2171 596 2242; x_wconf 80' lang='lat' dir='ltr'><strong>apud</strong></span> <span class='ocrx_word' id='word_1_175' title='bbox 623 2185 784 2241; x_wconf 88' lang='lat' dir='ltr'><strong>quem</strong></span> <span class='ocrx_word' id='word_1_176' title='bbox 815 2185 924 2225; x_wconf 90' lang='lat' dir='ltr'><strong>non</strong></span> <span class='ocrx_word' id='word_1_177' title='bbox 951 2179 1035 2225; x_wconf 83' lang='lat' dir='ltr'><strong>est</strong></span> <span class='ocrx_word' id='word_1_178' title='bbox 1056 2170 1425 2228; x_wconf 76' lang='lat' dir='ltr'><strong>transmutatio</strong></span> <span class='ocrx_word' id='word_1_179' title='bbox 1447 2186 1549 2226; x_wconf 83' lang='lat' dir='ltr'><strong>nec</strong></span> <span class='ocrx_word' id='word_1_180' title='bbox 1568 2170 1721 2228; x_wconf 83' lang='lat' dir='ltr'><strong>vicis-</strong></span> 
     </span>
     <span class='ocr_line' id='line_1_24' title="bbox 263 2251 1093 2308; baseline 0.002 -2"><span class='ocrx_word' id='word_1_181' title='bbox 263 2251 510 2308; x_wconf 71' lang='lat' dir='ltr'><strong>situdinis</strong></span> <span class='ocrx_word' id='word_1_182' title='bbox 527 2252 888 2308; x_wconf 83' lang='lat' dir='ltr'><strong>obumbratio.</strong></span> <span class='ocrx_word' id='word_1_183' title='bbox 913 2253 979 2308; x_wconf 86' lang='lat' dir='ltr'><strong>V.</strong></span> <span class='ocrx_word' id='word_1_184' title='bbox 1003 2255 1093 2308; x_wconf 82' lang='grc'><strong>47.</strong></span> 
     </span>
    </p>

    <p class='ocr_par' dir='ltr' id='par_1_7' title="bbox 263 2334 1723 2571">
     <span class='ocr_line' id='line_1_25' title="bbox 331 2334 1723 2401; baseline 0.005 -14"><span class='ocrx_word' id='word_1_185' title='bbox 331 2335 382 2387; x_wconf 76' lang='lat'><strong>4.</strong></span> <span class='ocrx_word' id='word_1_186' title='bbox 422 2335 506 2389; x_wconf 83' lang='lat' dir='ltr'><strong>Sit</strong></span> <span class='ocrx_word' id='word_1_187' title='bbox 521 2336 698 2389; x_wconf 77' lang='lat' dir='ltr'><strong>omnis</strong></span> <span class='ocrx_word' id='word_1_188' title='bbox 719 2335 881 2388; x_wconf 84' lang='lat' dir='ltr'><strong>homo</strong></span> <span class='ocrx_word' id='word_1_189' title='bbox 901 2334 1057 2388; x_wconf 81' lang='lat' dir='ltr'><strong>velox</strong></span> <span class='ocrx_word' id='word_1_190' title='bbox 1080 2335 1151 2388; x_wconf 80' lang='lat' dir='ltr'><strong>ad</strong></span> <span class='ocrx_word' id='word_1_191' title='bbox 1170 2334 1515 2401; x_wconf 81' lang='lat' dir='ltr'><strong>audiendum,</strong></span> <span class='ocrx_word' id='word_1_192' title='bbox 1536 2339 1723 2394; x_wconf 76' lang='lat' dir='ltr'><strong>tardus</strong></span> 
     </span>
     <span class='ocr_line' id='line_1_26' title="bbox 263 2415 1722 2485; baseline 0.003 -15"><span class='ocrx_word' id='word_1_193' title='bbox 263 2421 442 2470; x_wconf 76' lang='lat' dir='ltr'><strong>nutem</strong></span> <span class='ocrx_word' id='word_1_194' title='bbox 465 2417 530 2471; x_wconf 79' lang='lat' dir='ltr'><strong>ad</strong></span> <span class='ocrx_word' id='word_1_195' title='bbox 562 2415 906 2485; x_wconf 80' lang='lat' dir='ltr'><strong>loquendum,</strong></span> <span class='ocrx_word' id='word_1_196' title='bbox 927 2423 982 2470; x_wconf 78' lang='lat' dir='ltr'><strong>et</strong></span> <span class='ocrx_word' id='word_1_197' title='bbox 1003 2417 1188 2472; x_wconf 80' lang='lat' dir='ltr'><strong>tardus</strong></span> <span class='ocrx_word' id='word_1_198' title='bbox 1208 2417 1279 2473; x_wconf 82' lang='lat' dir='ltr'><strong>ad</strong></span> <span class='ocrx_word' id='word_1_199' title='bbox 1303 2416 1457 2472; x_wconf 84' lang='lat' dir='ltr'><strong>iram.</strong></span> <span class='ocrx_word' id='word_1_200' title='bbox 1480 2419 1563 2474; x_wconf 82' lang='lat' dir='ltr'><strong>ira</strong></span> <span class='ocrx_word' id='word_1_201' title='bbox 1576 2418 1722 2476; x_wconf 87' lang='lat' dir='ltr'><strong>enim</strong></span> 
     </span>
     <span class='ocr_line' id='line_1_27' title="bbox 265 2497 1540 2571; baseline 0.001 -17"><span class='ocrx_word' id='word_1_202' title='bbox 265 2498 360 2554; x_wconf 78' lang='lat' dir='ltr'><strong>viri</strong></span> <span class='ocrx_word' id='word_1_203' title='bbox 376 2497 636 2570; x_wconf 77' lang='lat' dir='ltr'><strong>justitiam</strong></span> <span class='ocrx_word' id='word_1_204' title='bbox 657 2497 754 2553; x_wconf 87' lang='lat' dir='ltr'><strong>Dei</strong></span> <span class='ocrx_word' id='word_1_205' title='bbox 778 2514 884 2552; x_wconf 84' lang='lat' dir='ltr'><strong>non</strong></span> <span class='ocrx_word' id='word_1_206' title='bbox 909 2507 1175 2571; x_wconf 79' lang='lat' dir='ltr'><strong>operatur.</strong></span> <span class='ocrx_word' id='word_1_207' title='bbox 1200 2500 1266 2556; x_wconf 83' lang='lat' dir='ltr'><strong>V.</strong></span> <span class='ocrx_word' id='word_1_208' title='bbox 1290 2503 1355 2554; x_wconf 85' lang='grc'><strong>49</strong></span> <span class='ocrx_word' id='word_1_209' title='bbox 1379 2506 1434 2556; x_wconf 78' lang='lat' dir='ltr'><strong>et</strong></span> <span class='ocrx_word' id='word_1_210' title='bbox 1453 2503 1540 2558; x_wconf 78' lang='lat'><strong>20.</strong></span> 
     </span>
    </p>

    <p class='ocr_par' dir='ltr' id='par_1_8' title="bbox 263 2581 1719 2738">
     <span class='ocr_line' id='line_1_28' title="bbox 329 2581 1719 2654; baseline 0.005 -17"><span class='ocrx_word' id='word_1_211' title='bbox 329 2585 382 2637; x_wconf 77' lang='grc'><strong>5.</strong></span> <span class='ocrx_word' id='word_1_212' title='bbox 423 2581 480 2638; x_wconf 91' lang='lat' dir='ltr'><strong>Si</strong></span> <span class='ocrx_word' id='word_1_213' title='bbox 508 2582 630 2654; x_wconf 79' lang='lat' dir='ltr'><strong>quis</strong></span> <span class='ocrx_word' id='word_1_214' title='bbox 651 2589 800 2654; x_wconf 81' lang='lat' dir='ltr'><strong>putat</strong></span> <span class='ocrx_word' id='word_1_215' title='bbox 833 2598 894 2638; x_wconf 80' lang='lat' dir='ltr'><strong>se</strong></span> <span class='ocrx_word' id='word_1_216' title='bbox 921 2583 1225 2654; x_wconf 80' lang='lat' dir='ltr'><strong>religiosum</strong></span> <span class='ocrx_word' id='word_1_217' title='bbox 1251 2599 1385 2652; x_wconf 83' lang='lat' dir='ltr'><strong>esse,</strong></span> <span class='ocrx_word' id='word_1_218' title='bbox 1411 2601 1517 2642; x_wconf 90' lang='lat' dir='ltr'><strong>non</strong></span> <span class='ocrx_word' id='word_1_219' title='bbox 1554 2585 1719 2644; x_wconf 77' lang='lat' dir='ltr'><strong>refre-</strong></span> 
     </span>
     <span class='ocr_line' id='line_1_29' title="bbox 263 2663 1719 2738; baseline 0.004 -20"><span class='ocrx_word' id='word_1_220' title='bbox 263 2677 398 2719; x_wconf 80' lang='lat' dir='ltr'><strong>nans</strong></span> <span class='ocrx_word' id='word_1_221' title='bbox 414 2663 650 2736; x_wconf 80' lang='lat' dir='ltr'><strong>linguam</strong></span> <span class='ocrx_word' id='word_1_222' title='bbox 665 2680 841 2732; x_wconf 79' lang='lat' dir='ltr'><strong>suam,</strong></span> <span class='ocrx_word' id='word_1_223' title='bbox 861 2671 956 2720; x_wconf 73' lang='lat' dir='ltr'><strong>eeu</strong></span> <span class='ocrx_word' id='word_1_224' title='bbox 973 2666 1237 2724; x_wconf 77' lang='lat' dir='ltr'><strong>seducens</strong></span> <span class='ocrx_word' id='word_1_225' title='bbox 1257 2681 1349 2722; x_wconf 84' lang='lat' dir='ltr'><strong>cor</strong></span> <span class='ocrx_word' id='word_1_226' title='bbox 1360 2681 1541 2736; x_wconf 78' lang='lat' dir='ltr'><strong>suum,</strong></span> <span class='ocrx_word' id='word_1_227' title='bbox 1556 2668 1719 2738; x_wconf 78' lang='lat' dir='ltr'><strong>hujus</strong></span> 
     </span>
    </p>
   </div>
   <div class='ocr_carea' id='block_1_5' title="bbox 261 2747 1717 2902">
    <p class='ocr_par' dir='ltr' id='par_1_9' title="bbox 261 2747 1717 2902">
     <span class='ocr_line' id='line_1_30' title="bbox 261 2747 928 2820; baseline 0.001 -17"><span class='ocrx_word' id='word_1_228' title='bbox 261 2761 402 2803; x_wconf 76' lang='lat' dir='ltr'><strong>vana</strong></span> <span class='ocrx_word' id='word_1_229' title='bbox 425 2753 508 2802; x_wconf 78' lang='lat' dir='ltr'><strong>est</strong></span> <span class='ocrx_word' id='word_1_230' title='bbox 519 2747 728 2820; x_wconf 80' lang='lat' dir='ltr'><strong>religio.</strong></span> <span class='ocrx_word' id='word_1_231' title='bbox 755 2747 822 2806; x_wconf 84' lang='lat' dir='ltr'><strong>V.</strong></span> <span class='ocrx_word' id='word_1_232' title='bbox 840 2751 928 2804; x_wconf 77' lang='lat'><strong>26.</strong></span> 
     </span>
     <span class='ocr_line' id='line_1_31' title="bbox 331 2827 1717 2902; baseline 0.004 -20"><span class='ocrx_word' id='word_1_233' title='bbox 331 2829 382 2882; x_wconf 79' lang='lat'><strong>6.</strong></span> <span class='ocrx_word' id='word_1_234' title='bbox 422 2827 622 2899; x_wconf 83' lang='lat' dir='ltr'><strong>Religio</strong></span> <span class='ocrx_word' id='word_1_235' title='bbox 640 2831 840 2886; x_wconf 85' lang='lat' dir='ltr'><strong>munda</strong></span> <span class='ocrx_word' id='word_1_236' title='bbox 863 2837 916 2887; x_wconf 79' lang='lat' dir='ltr'><strong>et</strong></span> <span class='ocrx_word' id='word_1_237' title='bbox 938 2828 1283 2887; x_wconf 76' lang='lat' dir='ltr'><strong>immaculata</strong></span> <span class='ocrx_word' id='word_1_238' title='bbox 1303 2830 1449 2902; x_wconf 80' lang='lat' dir='ltr'><strong>apud</strong></span> <span class='ocrx_word' id='word_1_239' title='bbox 1472 2831 1643 2890; x_wconf 85' lang='lat' dir='ltr'><strong>Deum</strong></span> <span class='ocrx_word' id='word_1_240' title='bbox 1660 2838 1717 2888; x_wconf 74' lang='lat' dir='ltr'><strong>et</strong></span> 
     </span>
    </p>
   </div>
   <div class='ocr_carea' id='block_1_6' title="bbox 2009 2495 2023 3032">
    <p class='ocr_par' dir='ltr' id='par_1_10' title="bbox 2009 2495 2023 3032">
     <span class='ocr_line' id='line_1_32' title="bbox 2009 2495 2023 3032; baseline 0 0"><span class='ocrx_word' id='word_1_241' title='bbox 2009 2495 2023 3032; x_wconf 95' lang='lat' dir='ltr'><strong> </strong></span> 
     </span>
    </p>
   </div>
  </div>
 </body>
</html>
