2034 3234
970 253 1179 326 (⁷8)

409 369 459 419 3.
501 365 736 421 Obsecro
747 379 843 422 vos
859 373 922 421 ut
932 366 1095 438 digne
1108 367 1394 423 ambuletis
1406 369 1683 424 vocatione
1696 368 1801 440 qua

339 447 511 503 vocati
529 449 671 516 estis,
691 463 812 504 cum
829 449 976 504 omni
991 449 1289 506 humilitate
1304 457 1359 506 et
1372 452 1798 517 mansuetudine,

337 545 462 585 cum
508 531 766 602 patientia
798 537 1179 604 supportantes
1212 533 1447 589 invicem
1478 535 1535 588 in
1560 533 1801 602 caritate,

336 614 548 671 solliciti
572 632 788 672 servare
809 615 1071 674 unitatem
1088 617 1303 689 spiritus
1324 618 1381 672 in
1402 616 1619 676 viuculo
1634 619 1801 690 pacis.

337 699 394 754 C.
421 715 500 754 iv.
525 714 580 753 v.
609 703 658 766 ⁴,
685 703 720 754 2
743 707 798 754 et
817 703 870 754 3.

407 783 460 837 t.
504 781 837 852 Deponentes
878 781 1215 837 mendacium
1235 825 1249 852 ,
1294 783 1573 854 loquimini
1613 783 1802 841 verita-

339 870 467 930 tem,
498 863 868 936 unusquisque
887 877 1012 919 cum
1038 865 1281 935 proximo
1302 881 1418 935 suo,
1447 865 1705 937 quoniam
1722 881 1804 920 su·

338 962 460 1003 mus
481 947 712 1003 invicem
735 948 995 1004 membra.
1022 947 1087 1003 V.
1116 949 1205 1004 25.

381 1037 460 1088 ·5.
501 1031 592 1090 Sol
618 1047 726 1090 non
749 1033 959 1090 occidat
992 1047 1154 1106 super
1187 1031 1517 1090 iracundiam
1552 1037 1799 1092 vestram.

339 1119 403 1176 V.
433 1121 521 1176 26.
577 1157 583 1160 -

409 1206 461 1258 6.
502 1201 674 1258 Nolite
699 1200 874 1258 locum
897 1200 1028 1257 dare
1049 1199 1283 1257 diabolo.
1308 1199 1376 1258 V.
1404 1201 1491 1258 2¹7.

405 1287 458 1339 7.
497 1285 684 1340 Omnis
715 1301 891 1340 sermo
921 1285 1098 1340 malus
1122 1280 1305 1340 ex‘ore
1335 1291 1515 1339 vestro
1542 1298 1649 1338 non
1682 1296 1803 1350 pro-

337 1365 512 1420 cedat.
551 1366 657 1420 Sed
684 1367 728 1419 si
756 1369 876 1437 quis
900 1369 1075 1422 bonus
1109 1367 1177 1422 ad
1208 1366 1615 1422 aedificationem
1642 1364 1799 1432 fidei,

341 1454 402 1502 ut
419 1449 510 1502 det
531 1449 756 1519 gratiam
779 1451 1140 1506 audientibus.
1172 1450 1232 1504 V.
1260 1453 1347 1504 29.

407 1534 458 1588 8.
497 1532 684 1590 Omnis
719 1533 1043 1606 amaritudo,
1071 1542 1124 1590 et
1166 1535 1263 1603 ira,
1304 1536 1360 1588 et
1400 1528 1715 1602 indignatiO,
1752 1538 1805 1586 et

337 1617 557 1683 clamor,
583 1620 639 1670 et
675 1615 1010 1689 blasphemia
1036 1617 1252 1672 tollatur
1282 1632 1315 1671 a
1338 1613 1491 1671 vobis
1514 1629 1637 1669 cum
1658 1613 1801 1668 omni

338 1699 638 1759 malitia.V.
671 1703 782 1758 3l.'

407 1789 458 1838 9.
498 1785 677 1840 Estote
713 1782 943 1841 invicem
981 1781 1229 1853 benigni,
1269 1779 1663 1851 misericordem,
1708 1777 1803 1834 do-

339 1870 528 1918 nantes
559 1862 811 1933 iuvicem,
837 1865 973 1918 sicut
1009 1869 1061 1918 et
1092 1865 1236 1920 Deus
1270 1863 1325 1916 in
1358 1864 1563 1917 Christo
1588 1863 1805 1920 donavit

339 1943 513 2002 vobis.
539 1943 606 2000 V.
639 1946 724 2000 32.

407 2033 493 2084 40.
531 2027 712 2084 Estote
733 2026 1027 2083 imitatores
1045 2023 1157 2091 Dei,
1180 2023 1317 2080 sicut
1339 2021 1431 2077 filii
1450 2021 1724 2093 carlssimi,
1753 2031 1809 2080 et

337 2111 604 2166 ambulate
633 2110 688 2160 in
728 2109 1047 2176 dilectione,
1093 2109 1232 2162 sicut
1262 2114 1316 2162 et
1348 2107 1585 2162 Christus
1623 2107 1806 2164 dilexit

337 2206 453 2246 nos.
479 2189 538 2245 C.
560 2203 617 2242 v.
643 2203 698 2242 v.
732 2190 754 2240 4
789 2193 843 2241 et
863 2190 918 2242 2.

407 2269 512 2328 tt(
532 2271 832 2327 Fornicatio
857 2276 911 2326 et
933 2268 1109 2325 omnis
1138 2267 1495 2336 immunditia,
1514 2273 1611 2324 aut
1632 2274 1804 2328 avari-

335 2357 427 2424 tia,
458 2371 561 2413 nec
590 2355 894 2412 nominetur
927 2355 982 2410 in
1017 2354 1187 2420 vobis,
1214 2353 1354 2410 sicut
1390 2353 1544 2408 decet
1564 2361 1801 2425 sanctos,

335 2448 430 2498 aut
464 2439 744 2512 turpitudo
764 2481 778 2510 ,
805 2445 897 2494 aut
929 2437 1351 2508 stultiloquium,
1386 2441 1481 2492 aut
1514 2435 1805 2494 scurrilitas

337 2537 460 2594 quae
492 2523 565 2577 ad
596 2538 709 2576 rem
745 2537 854 2576 non
887 2520 1123 2594 pertinet
1146 2537 1160 2592 3
1186 2521 1282 2576 sed
1317 2525 1483 2592 magis
1514 2519 1803 2589 gratiarum

336 2604 496 2664 actio.
523 2603 588 2659 V.
619 2605 650 2656 3
677 2609 732 2656 et
755 2605 808 2658 t.

407 2689 498 2746 42.
533 2687 717 2743 Nolite
747 2685 1004 2745 inebriari
1038 2687 1186 2756 vin0,
1212 2687 1266 2743 in
1306 2699 1413 2756 quo
1440 2687 1521 2740 est
1549 2684 1796 2742 luxuria:

337 2772 433 2828 sed
455 2769 751 2842 implemini
776 2769 978 2843 Spiritu
1003 2769 1223 2840 Sancto,
1248 2769 1526 2842 loquentes
1542 2769 1801 2828 vobismet

341 2852 470 2925 ipsis
486 2852 542 2908 in
564 2853 800 2925 psalmis,
818 2859 872 2910 et
885 2853 1117 2928 hymnis,
1134 2863 1191 2911 et
1201 2853 1427 2911 canticis
1434 2853 1797 2927 spiritualibus
