2034 3234
890 257 1089 329 (28)

324 377 412 429 40.
437 369 874 443 Concupiscentia
889 368 1172 442 sapientiae
1192 367 1409 427 deducit
1420 367 1493 426 ad
1504 380 1729 440 regnum

257 460 595 528 perpetuum.
613 455 681 512 V.
703 455 766 510 2⁴
783 497 796 510 .

326 539 414 592 44.
439 537 632 607 Neque
657 551 774 591 eurr
806 534 1013 592 invidia
1038 537 1347 592 tabescente
1373 535 1473 592 iter
1494 533 1737 608 habebo„

257 615 514 686 quoniam
561 615 684 672 talis
717 614 878 672 homo
913 630 1023 672 non
1062 616 1165 672 erit
1205 619 1475 687 particeps
1505 614 1727 686 sapien-

257 698 372 753 tiae.
398 699 464 754 V.
487 701 576 753 25.

326 782 412 834 42.
439 778 612 834 Omne
635 792 828 834 aurum
852 779 910 834 in
935 781 1338 852 comparatione
1358 782 1503 839 illius
1524 783 1540 814 ¹
1569 795 1736 836 arena

255 866 336 916 em
357 860 576 930 exigua;
599 866 654 916 et
681 866 940 932 tanquam
968 860 1143 916 lutum
1166 862 1520 916 aestimabitur
1540 875 1731 930 argen-

260 950 374 998 tum
399 944 455 997 in
481 951 773 1015 conspectu
797 945 958 1002 iuius.
984 945 1043 1002 C.
1070 960 1172 1000 vu.
1198 958 1253 1001 v.
1276 947 1332 1000 9.

330 1034 416 1085 43.
443 1031 686 1086 Infinitus
715 1030 994 1088 thesaurus
1026 1037 1110 1088 est
1138 1031 1475 1099 hominibus3
1514 1044 1620 1104 quo
1642 1031 1734 1104 qui

257 1111 341 1168 usi
361 1119 512 1182 sunt,
540 1114 826 1186 participes
847 1115 973 1171 facti
996 1121 1125 1171 sunt
1146 1115 1401 1173 amicitiae
1423 1115 1519 1172 Dei
1534 1158 1547 1183 ,
1569 1130 1734 1187 prop-

257 1198 344 1249 ter
363 1195 662 1268 disciplinae
685 1197 830 1252 dona
853 1196 1233 1260 commendati.
1254 1198 1323 1256 V.
1347 1201 1435 1252 44.

325 1273 416 1324 44.
439 1274 501 1324 In
533 1290 700 1340 runnu
733 1275 878 1330 illius
899 1276 922 1306 ¹
945 1285 1003 1331 et
1024 1293 1143 1344 nos,
1170 1282 1226 1330 et
1246 1290 1523 1331 sermones
1545 1271 1733 1338 nostri,

255 1354 310 1406 et
343 1349 518 1404 omnis
553 1351 816 1420 sapientia
839 1392 852 1416 ‚
891 1358 947 1406 et
979 1367 1207 1423 eperum
1240 1352 1465 1406 scientia
1496 1356 1551 1405 et
1579 1351 1735 1406 disci-

253 1428 424 1501 plina.
450 1429 514 1486 V.
543 1434 630 1486 ⁴6.

325 1514 412 1569 45.
433 1512 720 1570 Neminem
742 1513 912 1586 diligit
936 1517 1104 1587 Beue,
1126 1513 1229 1570 nisi
1251 1529 1377 1571 eum
1392 1514 1485 1586 qui
1508 1529 1631 1570 cum
1646 1529 1731 1572 sa·

257 1591 462 1663 pientia
487 1595 772 1652 inhabitat.
795 1599 862 1654 V.
887 1601 979 1655 28.
999 1634 1016 1640 --

325 1670 412 1728 46.
449 1673 542 1730 Est
565 1675 711 1730 enim
733 1676 852 1732 haec
873 1677 1164 1750 speciosior
1185 1675 1303 1732 sole
1316 1719 1331 1748 ,
1360 1679 1417 1732 et
1436 1689 1599 1748 super
1620 1687 1731 1730 om-

255 1770 396 1818 nem,
413 1757 814 1829 dispositionem
842 1762 1147 1831 stellarum3
1184 1759 1294 1815 luci
1323 1762 1628 1832 comparata
1651 1755 1731 1811 in·

253 1837 472 1888 venitur
499 1840 662 1904 prior.
689 1841 756 1890 V.
781 1843 874 1892 29.

322 1915 410 1968 47.
450 1913 508 1967 Si
553 1914 753 1970 divitiae
797 1919 1128 1984 appetuntur
1169 1913 1226 1965 in
1276 1913 1418 1983 vita,
1476 1914 1604 1984 quid
1646 1928 1732 1969 sa-

251 1994 462 2068 pientia
482 1995 824 2068 locupletiuS,
853 2011 975 2067 quae
997 1997 1249 2068 operatur
1271 1993 1489 2050 omnia?
1514 1991 1572 2048 C.
1605 2005 1727 2050 vm.

253 2081 792 2211 V1158.S0brietatem
827 2155 971 2210 enim
1005 2161 1059 2210 et
1091 2153 1429 2225 prudentiam
1464 2125 1650 2222 docet,
1678 2161 1731 2212 et

252 2239 536 2309 justitiam,
565 2242 621 2292 et
642 2239 894 2292 virtutem
911 2278 925 2307 ,
949 2232 1146 2310 quibus
1181 2236 1367 2292 utilius
1396 2235 1525 2293 nihil
1555 2243 1641 2293 est
1672 2238 1727 2292 in

261 2321 370 2376 vita
395 2319 719 2378 hominibus.
744 2321 810 2379 V.
834 2321 890 2375 7.

323 2408 414 2460 49.
448 2405 578 2461 Haec
597 2404 780 2474 illum,
812 2403 906 2475 qui
933 2403 1141 2476 primus
1160 2403 1415 2458 formatus
1442 2406 1524 2458 est
1549 2415 1583 2458 a
1618 2401 1728 2457 Deo

251 2493 408 2556 pater
443 2488 588 2542 orbis
623 2495 915 2555 terrarum,
947 2501 1115 2555 quum
1147 2483 1294 2538 solus
1328 2489 1469 2539 esset
1494 2489 1722 2544 creatae,

251 2566 564 2634 custodivit,
603 2575 660 2621 et
697 2565 880 2622 eduxit
922 2566 1075 2621 illum
1124 2581 1155 2622 a
1188 2566 1382 2623 delicto
1410 2575 1527 2619 suo.
1570 2561 1631 2616 C.
1666 2575 1722 2615 x.

253 2653 350 2703 v.⁴
383 2652 507 2706 et2.

306 2784 342 2818 ι.
373 2777 434 2816 La
449 2783 647 2826 sagense.

303 2844 344 2882 2.
373 2839 433 2882 Le
453 2837 681 2891 seigneur.
