2034 3234
943 213 1239 355 ’(45).

393 402 517 456 480.
555 399 698 456 Bene
711 395 970 470 placitum
991 401 1075 452 est
1091 395 1321 452 Domino
1338 395 1591 453 recedere
1606 393 1679 454 ab
1699 395 1801 454 ini-

321 483 562 556 quitate3
601 485 658 538 et
695 478 1002 552 deprecatio
1034 495 1133 551 pro
1167 481 1433 551 peccatis,
1456 480 1805 541 recedenti)

320 563 600 638 injustitie.
633 565 700 624 V.
725 567 778 620 5.

393 652 516 706 484.
556 647 887 706 Sacrificium
919 647 1047 718 justi
1088 651 1369 719 acceptum
1402 653 1500 718 est,
1526 655 1585 706 et
1606 665 1799 708 memo

321 732 454 788 riam
480 735 597 804 ejus
628 747 738 787 non
762 730 1103 786 obliviscetur
1124 729 1399 786 Dominus,
1441 731 1509 789 V.
1536 735 1591 788 9.

392 819 518 872 ⁴82.
560 813 666 882 Qui
705 827 896 870 aurum
930 813 1123 886 diligit,
1160 828 1269 869 non
1304 813 1712 886 justificabitur-3
1749 819 1805 872 et

321 896 416 968 qui
440 897 742 969 insequitur
768 898 1251 970 consumptionem,
1293 896 1591 968 replebitur
1624 913 1691 952 ex
1712 896 1797 954 est.

322 978 384 1035 C.
409 995 577 1036 xxxx.
601 995 660 1036 v.
689 983 742 1035 5.

391 1065 514 1119 483.
554 1061 852 1118 meltatio
885 1062 1082 1118 animae
1110 1067 1165 1117 et
1187 1062 1365 1118 cordis
1392 1062 1581 1118 vinum
1616 1059 1801 1118 mode·

322 1145 438 1200 rete
459 1151 718 1214 potatum.
754 1146 821 1202 V.
848 1147 936 1200 36.

395 1225 518 1279 484.
554 1225 754 1281 Vinum
795 1225 1025 1278 muitum
1064 1229 1311 1294 potatum
1352 1223 1706 1279 irritationem
1750 1229 1805 1280 et

322 1305 461 1363 iram
485 1311 540 1363 et
560 1306 744 1362 ruinas
779 1305 978 1361 multas
1011 1304 1163 1360 facit.
1191 1305 1259 1361 V.
1290 1307 1377 1358 38.

339 1437 346 1445 .
392 1392 516 1445 485.
547 1390 826 1444 Rectorem
851 1394 902 1444 te
929 1387 1267 1460 posuerunt?
1290 1386 1411 1442 Noli
1434 1385 1616 1444 extolli
1642 1403 1657 1442 ι
1686 1390 1801 1444 ento

319 1474 376 1529 in
401 1473 508 1529 illis
530 1473 687 1544 quasi
711 1489 854 1529 unus
875 1489 942 1528 ex
969 1472 1119 1545 ipsiS.
1158 1472 1217 1527 C.
1242 1487 1421 1528 xxxix.
1447 1487 1502 1528 v.
1532 1475 1586 1528 4.

391 1556 514 1608 486.
554 1555 749 1610 Curam
789 1555 1004 1609 illorum
1048 1553 1212 1620 habe,
1252 1558 1307 1607 et
1344 1554 1423 1608 sic
1458 1553 1709 1618 conside,
1747 1558 1803 1608 et

321 1636 468 1692 omni
489 1635 620 1691 cura
641 1634 738 1690 tua
755 1635 1003 1706 explicita
1026 1634 1297 1690 recumbe.
1334 1637 1401 1691 V.
1426 1638 1481 1692 2.

392 1721 515 1774 487.
555 1719 684 1775 Sine
707 1717 930 1774 oonsilio
955 1715 1091 1770 nihil
1128 1716 1310 1781 facias,
1354 1723 1409 1770 et
1445 1721 1569 1786 post
1598 1717 1803 1772 factum

322 1813 432 1856 non
455 1797 766 1870 poenitebit.
800 1799 866 1853 V.
891 1801 982 1855 24.

394 1885 516 1937 488.
559 1881 661 1948 Qui
684 1881 854 1936 credit
873 1881 1004 1950 Deo,
1038 1879 1270 1936 attendit
1301 1878 1605 1952 mandatis3
1632 1881 1801 1952 etqui

320 1963 539 2022 confidit
561 1963 617 2019 in
641 1963 750 2031 illo,
779 1981 888 2019 non
919 1963 1298 2019 minorabitur.
1333 1963 1400 2020 V.
1425 1966 1517 2020 28.
1620 2006 1628 2014 .

392 2051 515 2103 489.
562 2048 794 2101 Timenti
837 2046 1125 2102 Dominum
1166 2059 1278 2099 non
1312 2050 1597 2098 occurrent
1622 2045 1795 2112 ma1a3

318 2131 414 2189 sed
439 2129 814 2186 intentatione
835 2130 976 2185 Deus
997 2127 1153 2184 illum
1181 2126 1547 2196 conservabit,
1580 2134 1634 2184 et
1670 2127 1799 2186 lihe-

319 2214 464 2272 rabit
489 2229 522 2270 a
543 2213 720 2270 malis.
745 2213 804 2269 C.
829 2227 1031 2268 mm.
1058 2227 1116 2268 v.
1143 2214 1195 2267 4.

388 2302 512 2354 490.
533 2300 696 2366 Quasi
713 2298 885 2353 lutum
902 2295 1051 2366 figuli
1071 2295 1127 2348 in
1144 2309 1311 2349 manu
1331 2295 1519 2366 ipsius,
1532 2294 1799 2365 plasmare

320 2380 450 2435 illud
475 2384 532 2434 et
553 2381 858 2451 disponere,
889 2389 1077 2433 omnes
1098 2377 1207 2431 vioe
1228 2380 1347 2447 ejus
1378 2379 1673 2432 secundnm
1692 2379 1799 2434 dis-

319 2459 636 2529 positionem
671 2459 786 2529 ejus
817 2475 830 2512 :
869 2457 950 2514 sie
981 2457 1143 2512 homo
1178 2457 1233 2512 in
1268 2471 1433 2513 manu
1456 2457 1600 2514 iliius
1624 2459 1799 2532 quise

318 2542 470 2612 fecit,
517 2546 572 2597 et
613 2539 802 2598 reddet
843 2539 922 2598 illi
967 2541 1267 2599 secundnm
1310 2539 1571 2612 judicium
1615 2554 1791 2598 suum.

320 2626 384 2680 V.
410 2627 478 2680 43
501 2629 560 2682 et
584 2625 672 2680 44.

389 2709 511 2762 494.
549 2709 670 2763 Non
711 2687 1045 2764 obliviscaris
1081 2709 1237 2766 amici
1261 2708 1339 2764 tui
1370 2709 1426 2764 in
1462 2708 1649 2764 animo
1676 2711 1793 2778 tue,

320 2793 377 2844 et
432 2805 540 2846 non
593 2790 876 2849 immemor
934 2792 1008 2850 sis
1068 2791 1213 2882 illius¹
1277 2793 1334 2848 in
1404 2789 1627 2864 opibus
1654 2787 1785 2846 tuis.

319 2869 378 2929 C.
400 2886 614 2930 mvn.
636 2888 692 2931 v.
719 2876 774 2930 6.
