2034 3234
767 333 771 339 .
939 269 962 338 (
1001 269 1077 326 74
1122 279 1144 340 2

298 383 578 437 caritatem
598 386 780 436 autem
803 394 914 434 non
933 381 1185 450 habeam,
1204 379 1375 434 faetus
1394 393 1517 434 sum
1531 378 1681 436 velut
1698 389 1773 434 ns

299 481 522 533 sonans,
549 469 646 519 aut
671 465 984 537 cymbalum
1012 465 1268 520 tinniens.
1290 464 1352 520 C.
1376 479 1505 520 xm.
1531 479 1587 520 v.
1613 468 1667 518 1¹.

363 551 457 605 2⁸.
496 549 634 604 Etsi
659 549 901 604 habuero·
915 548 1250 621 prophetiam
1272 590 1285 618 ,
1318 553 1375 604 et
1394 545 1639 602 noverim
1661 561 1774 618 my-

299 631 464 689 steria
493 631 672 688 omnia
705 637 762 687 et
798 647 1012 688 omnem
1038 631 1335 708 scientiam,
1374 636 1431 686 et
1466 629 1511 685 si
1534 628 1773 687 habuero

299 731 512 771 omnem
535 715 694 768 fidem
717 716 793 769 ita
819 722 880 768 ut
903 723 1113 771 montes
1134 715 1474 784 transferam,
1496 714 1771 770 caritatem

301 803 481 854 autem
504 812 612 851 non
640 795 898 862 habuero,
927 797 1058 851 nihil
1082 813 1223 853 sum.
1248 799 1316 854 V.
1341 801 1394 856 2.

367 883 458 937 2⁶.
495 881 564 935 Et
582 879 627 934 si
650 878 974 936 distribuero
1001 879 1058 934 in
1082 880 1235 934 cibos
1262 895 1561 950 pauperum
1588 891 1771 932 omnes
1863 890 1872 897 ·

298 963 579 1018 facultates
617 979 792 1033 meaS,
816 969 876 1017 et
892 962 938 1018 si
973 963 1245 1020 tradidero
1279 977 1477 1034 corpus
1494 977 1675 1018 meum
1696 960 1769 1014 ita

300 1051 362 1100 ut
397 1045 634 1114 ardeam,
661 1045 940 1100 caritatem
983 1052 1163 1101 autem
1196 1061 1303 1100 non
1341 1046 1601 1130 habuero,
1641 1041 1766 1097 nihil

299 1127 432 1182 mihi
455 1128 694 1199 prodest.
721 1128 788 1187 V.
807 1131 860 1183 3.

363 1211 456 1265 27.
493 1208 696 1265 Caritas
735 1209 950 1280 patiens
982 1215 1084 1276 est,
1124 1207 1361 1278 benigna
1400 1212 1535 1263 est·
1523 1249 1536 1262 .
1580 1205 1771 1262 caritas

301 1304 407 1342 non
431 1291 735 1360 aemulatur,
766 1307 876 1346 non
905 1292 1019 1362 agit
1048 1292 1349 1364 perperam,
1384 1306 1495 1346 non
1534 1289 1766 1354 inflatur,

300 1383 409 1424 non
429 1375 514 1424 est
533 1371 816 1428 ambitiosa
832 1413 847 1440 ,
874 1387 984 1428 nou
1009 1374 1205 1445 quaerit
1224 1389 1349 1445 quae
1372 1386 1469 1428 sua
1491 1375 1631 1437 sunt,
1660 1383 1768 1422 non

299 1451 554 1522 irritatur,
594 1467 703 1508 non
739 1455 938 1526 cogitat
974 1457 1205 1528 malum,
1242 1473 1351 1512 non
1380 1454 1575 1526 gaudet
1608 1466 1769 1522 super

298 1535 598 1606 iniquitate,
611 1538 920 1609 congaudet
927 1547 1107 1616 autem
1122 1539 1353 1612 veritati,
1366 1538 1546 1596 omnia
1560 1536 1765 1595 suffert.

297 1617 479 1674 omnia
505 1621 696 1692 credit,
723 1624 906 1680 omnia
929 1632 1127 1697 sperat,
1154 1625 1339 1680 omnia
1354 1625 1595 1681 sustinet.
1623 1619 1689 1678 V.
1713 1620 1763 1686 4,

298 1703 351 1772 5,
381 1705 414 1758 6
439 1707 497 1758 et
517 1704 578 1760 7.

365 1791 456 1846 28.
497 1786 680 1846 'Gratia
700 1793 797 1848 Dei
817 1809 941 1848 sum
964 1793 1017 1848 id
1044 1795 1189 1862 quod
1218 1809 1360 1862 sum,
1386 1800 1441 1848 et
1460 1791 1631 1864 gratia
1652 1793 1769 1862 ejus

297 1869 352 1922 in
377 1885 466 1924 me
488 1884 659 1924 vacua
683 1885 791 1925 non
814 1871 932 1924 fuit.
953 1873 1014 1929 C.
1040 1887 1131 1925 xv.
1158 1888 1215 1925 v.
1242 1877 1331 1926 ⁴0.

365 1952 454 2006 29.
495 1950 550 2007 Si
573 1950 628 2005 in
663 1951 768 2007 han
797 1951 908 2008 vita
943 1952 1151 2008 tantum
1178 1951 1233 2006 in
1260 1950 1466 2006 Christo
1488 1961 1769 2022 sperantes

295 2050 522 2105 sumus,
562 2035 968 2093 miserabiliores
1009 2052 1197 2094 sumus
1234 2035 1485 2094 omnibus
1528 2033 1765 2093 homini-

296 2118 420 2172 bus.
442 2117 507 2174 V.
534 2120 624 2171 ⁴9.

365 2199 456 2252 30.
493 2197 669 2252 Nolite
721 2197 936 2268 sednon
976 2207 1333 2272 corrumpunt
1374 2215 1551 2258 mores
1594 2201 1765 2258 Ιιαιω

295 2278 562 2352 oolloquia
583 2281 746 2338 mala.
772 2282 837 2340 V.
866 2242 952 2341 33.

327 2368 454 2424 34.
492 2365 734 2440 Vigilate,
759 2369 968 2426 statem
982 2367 1125 2428 fide.
1150 2369 1372 2428 viriliter
1386 2369 1548 2444 agite,
1570 2374 1626 2426 et
1640 2383 1764 2425 con-

295 2449 581 2506 sanamini
607 2451 998 2509 c.xv1.v.⁴3.

365 2535 454 2588 32.
491 2533 685 2590 Omnia
712 2542 888 2590 vestm
911 2535 967 2589 in
991 2536 1213 2592 caritate
1234 2537 1384 2591 fiant.
1411 2538 1475 2591 V.
1506 2537 1595 2588 u.

366 2617 454 2669 3-3.
494 2613 553 2670 Si
574 2614 697 2686 quis
710 2629 816 2670 non
845 2623 990 2673 amat
1009 2619 1291 2674 Dominum
1313 2623 1559 2672 nostrum
1578 2617 1761 2670 lesum

297 2695 580 2763 Christum,
607 2697 676 2753 sit
689 2697 993 2754 anathema.
1022 2696 1087 2754 V.
1122 2701 1211 2754 22.

365 2781 455 2834 34.
487 2780 764 2836 Fiduciam
791 2780 955 2836 talem
988 2781 1249 2836 hahemus
1270 2795 1371 2850 per
1400 2779 1665 2836 Christum
1691 2780 1759 2836 ad

297 2865 484 2928 Deum,
509 2877 618 2924 m
658 2865 804 2931 quod
831 2864 1159 2922 sufficientes
1192 2864 1361 2922 simus
1381 2868 1621 2938 cogitare
1654 2867 1757 2920 ali·
