2034 3234
955 238 1157 308 (26)

379 357 470 410 46.
505 349 796 422 multigena
835 346 1201 422 improborum
1237 346 1517 406 multitudo
1552 365 1665 408 non
1686 349 1791 410 erit

309 433 476 492 utilia.
507 431 568 490 C.
601 446 679 488 xv.
708 447 764 489 v.
794 433 849 488 3.

377 518 466 572 47.
511 517 695 570 Justus
712 555 728 584 ,
767 510 814 569 si
853 519 1025 570 morte
1064 520 1474 586 praeoccupatus
1512 511 1672 570 fuerit
1690 551 1707 584 ,
1730 514 1789 568 in

307 599 577 672 refrigerio
613 599 733 656 erit.
758 599 826 657 V.
859 600 916 654 7.

377 687 465 739 48.
507 684 767 738 Senectus
797 681 1123 738 venerabilis
1158 686 1369 738 estnon
1391 681 1665 748 diuturna,
1694 695 1789 739 ne·

179 791 224 840 .'
301 777 418 834 que
445 777 711 818 annorum
743 776 968 818 numero
995 769 1325 836 computata.
1361 763 1428 820 V
1453 766 1507 820 8.

378 847 464 900 49.
491 844 624 902 Cani
647 849 827 900 autem
847 850 976 899 sunt
993 861 1187 900 sensus
1208 845 1461 913 hominis,
1474 851 1530 900 et
1548 849 1683 902 aetas
1700 858 1787 900 se·

306 927 537 982 nectutis
570 926 682 982 vita
714 925 1075 982 immaculata.
1112 926 1179 983 V.
1210 929 1243 980 8
1264 933 1323 982 et
1345 929 1483 981 9..

375 1009 464 1066 20.
506 1007 730 1064 Placeas
761 1009 874 1064 Deo
911 1007 1087 1064 factus
1120 1014 1201 1065 est
1232 1007 1490 1077 dilectus,
1520 1012 1577 1064 et
1598 1007 1785 1063 vivens

301 1088 445 1146 inter
465 1095 775 1163 peccatores
809 1091 1100 1148 translatus
1120 1097 1223 1148 est.
1247 1091 1312 1147 V.
1344 1093 1432 1145 40.

377 1172 436 1227 24
451 1210 465 1224 .
508 1169 716 1241 Raptus
741 1173 846 1237 est,
873 1184 942 1223 ne
963 1168 1175 1224 malitia
1196 1171 1431 1223 mutaret
1451 1164 1787 1222 intellectum

307 1251 446 1320 qius,
471 1258 570 1306 aut
592 1267 663 1308 ne
683 1249 829 1306 fictio
851 1251 1125 1323 deciperet
1144 1249 1381 1308 animam
1403 1247 1565 1306 illius.
1600 1245 1669 1306 V.
1697 1250 1784 1304 44.

373 1332 468 1386 22.
501 1330 689 1384 Gratia
725 1331 822 1382 Dei
861 1337 922 1382 et
951 1331 1319 1384 misericordia
1354 1337 1439 1380 est
1474 1329 1533 1378 in
1570 1332 1786 1382 sanctos

301 1411 438 1480 eim,
476 1412 533 1463 et
552 1413 830 1478 respectus
852 1407 908 1460 in
929 1407 1130 1462 electos
1159 1407 1319 1462 illius.
1352 1407 1423 1464 V.
1449 1409 1534 1462 45.

371 1491 462 1549 23.
505 1488 698 1546 Dicent
736 1489 878 1543 intra
919 1503 980 1544 se
1020 1489 1392 1561 poenitentiam
1431 1489 1651 1560 agentes
1667 1530 1682 1559 ‚
1727 1494 1785 1544 et

303 1588 420 1644 prae
434 1570 684 1643 angustia
701 1569 920 1644 spinitus
941 1577 1215 1642 gementes
1236 1590 1295 1628 ια
1308 1571 1375 1627 Hi
1388 1573 1517 1627 sunt
1532 1585 1669 1642 quos
1686 1569 1785 1628 ha·
1832 1618 1840 1630 .

301 1654 518 1728 buimus
541 1654 830 1726 aliquando
855 1653 913 1709 in
935 1653 1201 1722 derisum,
1226 1653 1359 1712 etin
1379 1649 1782 1712 similitudinem

303 1735 632 1812 improperii.
673 1736 731 1794 C.
758 1751 816 1794 v.
839 1753 894 1795 v.
920 1739 973 1792 3.

369 1824 464 1875 24.
485 1841 516 1873 ι
533 1821 646 1874 Nos
665 1819 924 1874 insensati
951 1817 1118 1874 vitam
1142 1819 1359 1877 illorum
1380 1813 1782 1876 aestimabamus

299 1897 586 1961 insaniam,
615 1900 672 1950 et
694 1894 860 1950 finem
885 1895 1096 1948 illorum
1120 1897 1237 1948 sine
1260 1898 1483 1950 honore.
1528 1901 1591 1951 V.
1619 1903 1670 1951 4.

371 1980 460 2036 25.
489 1998 517 2031 α
537 1977 676 2031 Ecce
699 1973 966 2046 quomodo
997 1973 1293 2044 computati
1313 1977 1441 2030 sunt
1474 1973 1618 2028 inter
1640 1971 1778 2030 filios

289 2060 420 2132 nei,
443 2066 502 2118 et
521 2060 659 2116 inter
687 2063 902 2116 sanctos
931 2071 1048 2114 sors
1078 2055 1293 2111 illorum
1326 2060 1423 2112 est.
1454 2055 1523 2114 V.
1552 2058 1607 2112 5.

371 2145 460 2198 26.
485 2162 514 2191 e<
533 2141 674 2206 Quid
705 2139 862 2192 nobis
885 2139 1083 2206 profuit
1103 2136 1353 2204 superbia
1370 2135 1399 2190 ἱ)
1434 2142 1532 2192 aut
1561 2136 1777 2195 divitia-

301 2241 424 2282 rum
438 2221 699 2293 jactantia
721 2217 851 2288 quid
874 2218 1102 2272 contulit
1125 2217 1317 2272 nobis?
1346 2217 1415 2274 V.
1441 2220 1495 2273 8.

371 2307 458 2364 27.
488 2324 514 2358 α
534 2302 882 2360 Transierunt
899 2299 1081 2357 omnia
1097 2299 1187 2356 illa
1205 2305 1460 2372 tanquam
1484 2299 1694 2372 umbra,
1720 2308 1776 2358 et

303 2396 559 2460 tanquam
591 2385 810 2442 nuntius
845 2401 1195 2460 percurrens;
1236 2389 1291 2442 et
1328 2391 1586 2457 tanquam
1620 2385 1775 2441 navis

300 2489 427 2542 quae
456 2469 740 2544 pertransit
762 2464 1115 2527 fluctuantem
1136 2485 1363 2540 aquam;
1398 2474 1493 2525 aut
1518 2473 1773 2537 tanquam

299 2552 420 2606 avis
451 2566 572 2620 quae
598 2549 894 2605 transvolat
926 2549 982 2603 in
1021 2565 1164 2618 aere,
1205 2549 1354 2620 cujus
1376 2545 1581 2602 nullum
1613 2547 1772 2600 inve-

303 2632 447 2686 nitur
479 2636 854 2701 argumentum
891 2629 1129 2701 itineri33
1170 2636 1263 2687 aut
1289 2637 1543 2700 tanquam
1579 2625 1801 2700 sagitta

303 2714 498 2772 emissa
519 2713 575 2767 in
605 2711 783 2767 locum
805 2708 1147 2768 destinatum.
1182 2713 1247 2769 V.
1282 2713 1335 2778 9,
1364 2713 1451 2781 40,
1480 2711 1537 2765 44
1570 2715 1625 2767 et
1646 2714 1671 2764 4
1679 2711 1735 2766 2

373 2797 464 2852 28.
490 2793 616 2848 «Sic
639 2799 691 2848 et
715 2808 814 2848 nos
834 2793 946 2848 nati
968 2791 1221 2850 continuo
1238 2791 1529 2853 desivimus
1552 2808 1695 2866 esse;
1712 2797 1769 2848 et
