<?xml version="1.0" encoding="UTF-8"?>
<!DOCTYPE html PUBLIC "-//W3C//DTD XHTML 1.0 Transitional//EN"
    "http://www.w3.org/TR/xhtml1/DTD/xhtml1-transitional.dtd">
<html xmlns="http://www.w3.org/1999/xhtml" xml:lang="en" lang="en">
 <head>
  <title>
</title>
<meta http-equiv="Content-Type" content="text/html;charset=utf-8" />
  <meta name='ocr-system' content='tesseract 3.04.00' />
  <meta name='ocr-capabilities' content='ocr_page ocr_carea ocr_par ocr_line ocrx_word'/>
</head>
<body>
  <div class='ocr_page' id='page_1' title='image "./maximestiresdel00rollgoog/maximestiresdel00rollgoog_0046.png"; bbox 0 0 2034 3234; ppageno 0'>
   <div class='ocr_carea' id='block_1_1' title="bbox 1009 280 1215 352">
    <p class='ocr_par' dir='ltr' id='par_1_1' title="bbox 1009 280 1215 352">
     <span class='ocr_line' id='line_1_1' title="bbox 1009 280 1215 352; baseline 0.005 -1"><span class='ocrx_word' id='word_1_1' title='bbox 1009 280 1215 352; x_wconf 83' lang='lat'>(36)</span> 
     </span>
    </p>
   </div>
   <div class='ocr_carea' id='block_1_2' title="bbox 369 393 1847 708">
    <p class='ocr_par' dir='ltr' id='par_1_2' title="bbox 369 393 1847 708">
     <span class='ocr_line' id='line_1_2' title="bbox 377 393 1846 467; baseline 0.007 -14"><span class='ocrx_word' id='word_1_2' title='bbox 377 405 489 453; x_wconf 85' lang='lat' dir='ltr'><strong>tute</strong></span> <span class='ocrx_word' id='word_1_3' title='bbox 517 397 816 467; x_wconf 80' lang='lat' dir='ltr'><strong>irrumpere</strong></span> <span class='ocrx_word' id='word_1_4' title='bbox 849 393 1195 466; x_wconf 83' lang='lat' dir='ltr'><strong>iniquitates;</strong></span> <span class='ocrx_word' id='word_1_5' title='bbox 1243 413 1315 453; x_wconf 91' lang='lat' dir='ltr'><strong>ne</strong></span> <span class='ocrx_word' id='word_1_6' title='bbox 1356 397 1497 455; x_wconf 80' lang='lat' dir='ltr'><strong>forte</strong></span> <span class='ocrx_word' id='word_1_7' title='bbox 1532 403 1846 462; x_wconf 69' lang='lat' dir='ltr'><strong>extimescas</strong></span> 
     </span>
     <span class='ocr_line' id='line_1_3' title="bbox 369 481 1845 557; baseline 0.002 -17"><span class='ocrx_word' id='word_1_8' title='bbox 369 483 565 540; x_wconf 68' lang='lat' dir='ltr'><strong>faciem</strong></span> <span class='ocrx_word' id='word_1_9' title='bbox 585 481 849 555; x_wconf 84' lang='lat' dir='ltr'><strong>potentis,</strong></span> <span class='ocrx_word' id='word_1_10' title='bbox 869 484 927 537; x_wconf 87' lang='lat' dir='ltr'><strong>et</strong></span> <span class='ocrx_word' id='word_1_11' title='bbox 956 495 1129 552; x_wconf 78' lang='lat' dir='ltr'><strong>ponas</strong></span> <span class='ocrx_word' id='word_1_12' title='bbox 1160 481 1480 537; x_wconf 85' lang='lat' dir='ltr'><strong>scandalum</strong></span> <span class='ocrx_word' id='word_1_13' title='bbox 1504 483 1562 538; x_wconf 90' lang='lat' dir='ltr'><strong>in</strong></span> <span class='ocrx_word' id='word_1_14' title='bbox 1594 487 1845 557; x_wconf 77' lang='lat' dir='ltr'><strong>aequitate</strong></span> 
     </span>
     <span class='ocr_line' id='line_1_4' title="bbox 375 564 1847 708; baseline -0.001 0"><span class='ocrx_word' id='word_1_15' title='bbox 375 564 696 708; x_wconf 39' lang='lat' dir='ltr'><strong>tutoYOgon</strong></span> <span class='ocrx_word' id='word_1_16' title='bbox 720 648 944 705; x_wconf 81' lang='lat' dir='ltr'><strong>irrideas</strong></span> <span class='ocrx_word' id='word_1_17' title='bbox 963 647 1239 704; x_wconf 88' lang='lat' dir='ltr'><strong>hominem</strong></span> <span class='ocrx_word' id='word_1_18' title='bbox 1260 647 1318 704; x_wconf 93' lang='lat' dir='ltr'><strong>in</strong></span> <span class='ocrx_word' id='word_1_19' title='bbox 1342 649 1700 706; x_wconf 81' lang='lat' dir='ltr'><strong>amaritudine</strong></span> <span class='ocrx_word' id='word_1_20' title='bbox 1722 651 1847 706; x_wconf 84' lang='lat' dir='ltr'><strong>ani-</strong></span> 
     </span>
    </p>
   </div>
   <div class='ocr_carea' id='block_1_3' title="bbox 375 731 1846 884">
    <p class='ocr_par' dir='ltr' id='par_1_3' title="bbox 375 731 1846 884">
     <span class='ocr_line' id='line_1_5' title="bbox 375 731 1846 805; baseline 0.003 -20"><span class='ocrx_word' id='word_1_21' title='bbox 375 747 518 786; x_wconf 79' lang='lat' dir='ltr'><strong>moe:</strong></span> <span class='ocrx_word' id='word_1_22' title='bbox 553 738 638 785; x_wconf 83' lang='lat' dir='ltr'><strong>eet</strong></span> <span class='ocrx_word' id='word_1_23' title='bbox 677 731 822 784; x_wconf 90' lang='lat' dir='ltr'><strong>enim</strong></span> <span class='ocrx_word' id='word_1_24' title='bbox 863 733 956 800; x_wconf 89' lang='lat' dir='ltr'><strong>qui</strong></span> <span class='ocrx_word' id='word_1_25' title='bbox 993 731 1238 787; x_wconf 82' lang='lat' dir='ltr'><strong>humiliat</strong></span> <span class='ocrx_word' id='word_1_26' title='bbox 1274 740 1328 789; x_wconf 87' lang='lat' dir='ltr'><strong>et</strong></span> <span class='ocrx_word' id='word_1_27' title='bbox 1360 733 1585 805; x_wconf 76' lang='lat' dir='ltr'><strong>exaltat,</strong></span> <span class='ocrx_word' id='word_1_28' title='bbox 1618 735 1846 790; x_wconf 84' lang='lat' dir='ltr'><strong>circum-</strong></span> 
     </span>
     <span class='ocr_line' id='line_1_6' title="bbox 375 810 974 884; baseline -0.005 -16"><span class='ocrx_word' id='word_1_29' title='bbox 375 817 586 884; x_wconf 80' lang='lat' dir='ltr'><strong>spector</strong></span> <span class='ocrx_word' id='word_1_30' title='bbox 609 811 772 866; x_wconf 76' lang='lat' dir='ltr'><strong>Beue.</strong></span> <span class='ocrx_word' id='word_1_31' title='bbox 796 810 860 866; x_wconf 94' lang='lat' dir='ltr'><strong>V.</strong></span> <span class='ocrx_word' id='word_1_32' title='bbox 888 813 974 866; x_wconf 75' lang='lat'><strong>⁴2.</strong></span> 
     </span>
    </p>
   </div>
   <div class='ocr_carea' id='block_1_4' title="bbox 314 892 1847 1300">
    <p class='ocr_par' dir='ltr' id='par_1_4' title="bbox 314 892 1847 1035">
     <span class='ocr_line' id='line_1_7' title="bbox 446 892 1847 954; baseline 0.001 -4"><span class='ocrx_word' id='word_1_33' title='bbox 446 897 534 952; x_wconf 99' lang='grc'><strong>67.</strong></span> <span class='ocrx_word' id='word_1_34' title='bbox 572 892 692 950; x_wconf 82' lang='lat' dir='ltr'><strong>Noli</strong></span> <span class='ocrx_word' id='word_1_35' title='bbox 721 892 860 948; x_wconf 83' lang='lat' dir='ltr'><strong>velle</strong></span> <span class='ocrx_word' id='word_1_36' title='bbox 881 893 1095 948; x_wconf 84' lang='lat' dir='ltr'><strong>mentiri</strong></span> <span class='ocrx_word' id='word_1_37' title='bbox 1119 908 1279 949; x_wconf 86' lang='lat' dir='ltr'><strong>omne</strong></span> <span class='ocrx_word' id='word_1_38' title='bbox 1295 895 1639 950; x_wconf 84' lang='lat' dir='ltr'><strong>mendacium</strong></span> <span class='ocrx_word' id='word_1_39' title='bbox 1666 915 1679 952; x_wconf 73' lang='grc' dir='ltr'>ε</span> <span class='ocrx_word' id='word_1_40' title='bbox 1708 899 1847 954; x_wconf 82' lang='lat' dir='ltr'><strong>assi-</strong></span> 
     </span>
     <span class='ocr_line' id='line_1_8' title="bbox 314 975 1515 1035; baseline -0.002 -1"><span class='ocrx_word' id='word_1_41' title='bbox 314 1013 321 1020; x_wconf 89' lang='lat'><strong>·</strong></span> <span class='ocrx_word' id='word_1_42' title='bbox 376 979 550 1035; x_wconf 73' lang='lat' dir='ltr'><strong>duitas</strong></span> <span class='ocrx_word' id='word_1_43' title='bbox 567 977 716 1032; x_wconf 83' lang='lat' dir='ltr'><strong>enim</strong></span> <span class='ocrx_word' id='word_1_44' title='bbox 739 975 886 1030; x_wconf 84' lang='lat' dir='ltr'><strong>illius</strong></span> <span class='ocrx_word' id='word_1_45' title='bbox 905 991 1015 1031; x_wconf 89' lang='lat' dir='ltr'><strong>non</strong></span> <span class='ocrx_word' id='word_1_46' title='bbox 1040 982 1125 1032; x_wconf 84' lang='lat' dir='ltr'><strong>eet</strong></span> <span class='ocrx_word' id='word_1_47' title='bbox 1144 975 1309 1032; x_wconf 83' lang='lat' dir='ltr'><strong>bona.</strong></span> <span class='ocrx_word' id='word_1_48' title='bbox 1333 979 1399 1032; x_wconf 92' lang='lat' dir='ltr'><strong>V.</strong></span> <span class='ocrx_word' id='word_1_49' title='bbox 1430 981 1515 1034; x_wconf 72' lang='lat'><strong>⁴4.</strong></span> 
     </span>
    </p>

    <p class='ocr_par' dir='ltr' id='par_1_5' title="bbox 379 1059 1847 1203">
     <span class='ocr_line' id='line_1_9' title="bbox 447 1059 1847 1132; baseline 0 -16"><span class='ocrx_word' id='word_1_50' title='bbox 447 1064 531 1116; x_wconf 93' lang='grc'><strong>68.</strong></span> <span class='ocrx_word' id='word_1_51' title='bbox 567 1061 688 1115; x_wconf 90' lang='lat' dir='ltr'><strong>Non</strong></span> <span class='ocrx_word' id='word_1_52' title='bbox 733 1064 788 1114; x_wconf 85' lang='lat' dir='ltr'><strong>te</strong></span> <span class='ocrx_word' id='word_1_53' title='bbox 819 1065 1041 1130; x_wconf 83' lang='lat' dir='ltr'><strong>reputes</strong></span> <span class='ocrx_word' id='word_1_54' title='bbox 1078 1059 1137 1113; x_wconf 90' lang='lat' dir='ltr'><strong>in</strong></span> <span class='ocrx_word' id='word_1_55' title='bbox 1170 1060 1519 1116; x_wconf 86' lang='lat' dir='ltr'><strong>multitudine</strong></span> <span class='ocrx_word' id='word_1_56' title='bbox 1558 1060 1847 1132; x_wconf 86' lang='lat' dir='ltr'><strong>indiscipli-</strong></span> 
     </span>
     <span class='ocr_line' id='line_1_10' title="bbox 379 1143 858 1203; baseline -0.011 0"><span class='ocrx_word' id='word_1_57' title='bbox 379 1150 648 1203; x_wconf 82' lang='lat' dir='ltr'><strong>natorum.</strong></span> <span class='ocrx_word' id='word_1_58' title='bbox 673 1143 741 1200; x_wconf 89' lang='lat' dir='ltr'><strong>V.</strong></span> <span class='ocrx_word' id='word_1_59' title='bbox 766 1143 858 1198; x_wconf 73' lang='grc'><strong>47.</strong></span> 
     </span>
    </p>

    <p class='ocr_par' dir='ltr' id='par_1_6' title="bbox 449 1224 1846 1300">
     <span class='ocr_line' id='line_1_11' title="bbox 449 1224 1846 1300; baseline 0 -16"><span class='ocrx_word' id='word_1_60' title='bbox 449 1231 536 1285; x_wconf 84' lang='grc'><strong>69.</strong></span> <span class='ocrx_word' id='word_1_61' title='bbox 577 1227 697 1283; x_wconf 86' lang='lat' dir='ltr'><strong>Filii</strong></span> <span class='ocrx_word' id='word_1_62' title='bbox 717 1226 813 1282; x_wconf 88' lang='lat' dir='ltr'><strong>tibi</strong></span> <span class='ocrx_word' id='word_1_63' title='bbox 833 1224 998 1281; x_wconf 70' lang='lat' dir='ltr'><strong>sunt?</strong></span> <span class='ocrx_word' id='word_1_64' title='bbox 1038 1225 1191 1281; x_wconf 90' lang='lat' dir='ltr'><strong>erudi</strong></span> <span class='ocrx_word' id='word_1_65' title='bbox 1214 1225 1363 1300; x_wconf 81' lang='lat' dir='ltr'><strong>ilice,</strong></span> <span class='ocrx_word' id='word_1_66' title='bbox 1404 1232 1457 1283; x_wconf 91' lang='lat' dir='ltr'><strong>et</strong></span> <span class='ocrx_word' id='word_1_67' title='bbox 1476 1243 1643 1284; x_wconf 83' lang='lat' dir='ltr'><strong>curva</strong></span> <span class='ocrx_word' id='word_1_68' title='bbox 1676 1227 1793 1283; x_wconf 84' lang='lat' dir='ltr'><strong>illos</strong></span> <span class='ocrx_word' id='word_1_69' title='bbox 1812 1243 1846 1284; x_wconf 80' lang='lat' dir='ltr'>a</span> 
     </span>
    </p>
   </div>
   <div class='ocr_carea' id='block_1_5' title="bbox 279 1309 1065 1386">
    <p class='ocr_par' dir='ltr' id='par_1_7' title="bbox 279 1309 1065 1386">
     <span class='ocr_line' id='line_1_12' title="bbox 279 1309 1065 1386; baseline -0.004 -22"><span class='ocrx_word' id='word_1_70' title='bbox 279 1379 288 1386; x_wconf 80' lang='lat'>.</span> <span class='ocrx_word' id='word_1_71' title='bbox 379 1310 607 1380; x_wconf 56' lang='lat' dir='ltr'><strong>pueritia</strong></span> <span class='ocrx_word' id='word_1_72' title='bbox 629 1309 858 1360; x_wconf 88' lang='lat' dir='ltr'><strong>illorum.</strong></span> <span class='ocrx_word' id='word_1_73' title='bbox 886 1310 949 1360; x_wconf 89' lang='lat' dir='ltr'><strong>V.</strong></span> <span class='ocrx_word' id='word_1_74' title='bbox 976 1313 1065 1361; x_wconf 78' lang='lat'><strong>25.</strong></span> 
     </span>
    </p>
   </div>
   <div class='ocr_carea' id='block_1_6' title="bbox 379 1383 1847 1526">
    <p class='ocr_par' dir='ltr' id='par_1_8' title="bbox 379 1383 1847 1526">
     <span class='ocr_line' id='line_1_13' title="bbox 443 1383 1847 1457; baseline 0.001 -14"><span class='ocrx_word' id='word_1_75' title='bbox 443 1391 532 1443; x_wconf 94' lang='grc'><strong>70.</strong></span> <span class='ocrx_word' id='word_1_76' title='bbox 573 1385 720 1440; x_wconf 82' lang='lat' dir='ltr'><strong>Filiae</strong></span> <span class='ocrx_word' id='word_1_77' title='bbox 755 1384 850 1436; x_wconf 82' lang='lat' dir='ltr'><strong>tibi</strong></span> <span class='ocrx_word' id='word_1_78' title='bbox 889 1383 1055 1436; x_wconf 74' lang='lat' dir='ltr'><strong>sunt?</strong></span> <span class='ocrx_word' id='word_1_79' title='bbox 1088 1398 1244 1438; x_wconf 80' lang='lat' dir='ltr'><strong>serva</strong></span> <span class='ocrx_word' id='word_1_80' title='bbox 1276 1399 1472 1455; x_wconf 87' lang='lat' dir='ltr'><strong>corpus</strong></span> <span class='ocrx_word' id='word_1_81' title='bbox 1510 1386 1751 1457; x_wconf 82' lang='lat' dir='ltr'><strong>illarum,</strong></span> <span class='ocrx_word' id='word_1_82' title='bbox 1789 1397 1847 1444; x_wconf 90' lang='lat' dir='ltr'><strong>et</strong></span> 
     </span>
     <span class='ocr_line' id='line_1_14' title="bbox 379 1464 1841 1526; baseline -0.001 0"><span class='ocrx_word' id='word_1_83' title='bbox 379 1486 488 1526; x_wconf 92' lang='lat' dir='ltr'><strong>non</strong></span> <span class='ocrx_word' id='word_1_84' title='bbox 513 1466 766 1524; x_wconf 82' lang='lat' dir='ltr'><strong>ostendas</strong></span> <span class='ocrx_word' id='word_1_85' title='bbox 789 1464 1014 1519; x_wconf 82' lang='lat' dir='ltr'><strong>hilarem</strong></span> <span class='ocrx_word' id='word_1_86' title='bbox 1040 1465 1231 1520; x_wconf 83' lang='lat' dir='ltr'><strong>faciem</strong></span> <span class='ocrx_word' id='word_1_87' title='bbox 1254 1467 1484 1522; x_wconf 82' lang='lat' dir='ltr'><strong>tuamad</strong></span> <span class='ocrx_word' id='word_1_88' title='bbox 1501 1467 1639 1523; x_wconf 76' lang='lat' dir='ltr'><strong>illae.</strong></span> <span class='ocrx_word' id='word_1_89' title='bbox 1659 1469 1725 1522; x_wconf 89' lang='lat' dir='ltr'><strong>V.</strong></span> <span class='ocrx_word' id='word_1_90' title='bbox 1750 1472 1841 1525; x_wconf 76' lang='lat'><strong>26.</strong></span> 
     </span>
    </p>
   </div>
   <div class='ocr_carea' id='block_1_7' title="bbox 445 1547 1961 1622">
    <p class='ocr_par' dir='ltr' id='par_1_9' title="bbox 445 1547 1961 1622">
     <span class='ocr_line' id='line_1_15' title="bbox 445 1547 1961 1622; baseline 0 -14"><span class='ocrx_word' id='word_1_91' title='bbox 445 1555 538 1608; x_wconf 72' lang='lat'><strong>7⁴.</strong></span> <span class='ocrx_word' id='word_1_92' title='bbox 575 1552 638 1608; x_wconf 89' lang='lat' dir='ltr'><strong>In</strong></span> <span class='ocrx_word' id='word_1_93' title='bbox 661 1555 776 1606; x_wconf 87' lang='lat' dir='ltr'><strong>toto</strong></span> <span class='ocrx_word' id='word_1_94' title='bbox 797 1547 960 1605; x_wconf 89' lang='lat' dir='ltr'><strong>corde</strong></span> <span class='ocrx_word' id='word_1_95' title='bbox 979 1552 1071 1603; x_wconf 79' lang='lat' dir='ltr'><strong>tuo</strong></span> <span class='ocrx_word' id='word_1_96' title='bbox 1104 1547 1313 1606; x_wconf 78' lang='lat' dir='ltr'><strong>honora</strong></span> <span class='ocrx_word' id='word_1_97' title='bbox 1346 1556 1554 1622; x_wconf 82' lang='lat' dir='ltr'><strong>patrem</strong></span> <span class='ocrx_word' id='word_1_98' title='bbox 1589 1557 1765 1617; x_wconf 81' lang='lat' dir='ltr'><strong>tuum,</strong></span> <span class='ocrx_word' id='word_1_99' title='bbox 1792 1561 1847 1608; x_wconf 87' lang='lat' dir='ltr'><strong>et</strong></span> <span class='ocrx_word' id='word_1_100' title='bbox 1942 1565 1961 1582; x_wconf 81' lang='lat'><em>⁰</em></span> 
     </span>
    </p>
   </div>
   <div class='ocr_carea' id='block_1_8' title="bbox 344 1630 1848 2868">
    <p class='ocr_par' dir='ltr' id='par_1_10' title="bbox 344 1630 1848 2868">
     <span class='ocr_line' id='line_1_16' title="bbox 380 1630 1787 1710; baseline -0.003 -18"><span class='ocrx_word' id='word_1_101' title='bbox 380 1635 609 1710; x_wconf 79' lang='lat' dir='ltr'><strong>gemitus</strong></span> <span class='ocrx_word' id='word_1_102' title='bbox 631 1632 818 1690; x_wconf 79' lang='lat' dir='ltr'><strong>matris</strong></span> <span class='ocrx_word' id='word_1_103' title='bbox 838 1636 948 1688; x_wconf 79' lang='lat' dir='ltr'><strong>tuae</strong></span> <span class='ocrx_word' id='word_1_104' title='bbox 969 1647 1041 1687; x_wconf 84' lang='lat' dir='ltr'><strong>ue</strong></span> <span class='ocrx_word' id='word_1_105' title='bbox 1062 1630 1409 1690; x_wconf 84' lang='lat' dir='ltr'><strong>obliviscaris.</strong></span> <span class='ocrx_word' id='word_1_106' title='bbox 1436 1634 1501 1688; x_wconf 94' lang='lat' dir='ltr'>V.</span> <span class='ocrx_word' id='word_1_107' title='bbox 1534 1637 1601 1690; x_wconf 75' lang='lat'><strong>28</strong></span> <span class='ocrx_word' id='word_1_108' title='bbox 1623 1639 1679 1689; x_wconf 90' lang='lat' dir='ltr'><strong>et</strong></span> <span class='ocrx_word' id='word_1_109' title='bbox 1698 1636 1787 1691; x_wconf 73' lang='lat'>29.</span> 
     </span>
     <span class='ocr_line' id='line_1_17' title="bbox 449 1716 1843 1790; baseline -0.006 -11"><span class='ocrx_word' id='word_1_110' title='bbox 449 1723 540 1780; x_wconf 77' lang='lat'>¹72.</span> <span class='ocrx_word' id='word_1_111' title='bbox 577 1721 846 1778; x_wconf 80' lang='lat' dir='ltr'><strong>Memento</strong></span> <span class='ocrx_word' id='word_1_112' title='bbox 868 1717 1125 1789; x_wconf 80' lang='lat' dir='ltr'><strong>quoniam</strong></span> <span class='ocrx_word' id='word_1_113' title='bbox 1148 1716 1251 1772; x_wconf 84' lang='lat' dir='ltr'><strong>nisi</strong></span> <span class='ocrx_word' id='word_1_114' title='bbox 1273 1733 1371 1790; x_wconf 85' lang='lat' dir='ltr'><strong>per</strong></span> <span class='ocrx_word' id='word_1_115' title='bbox 1406 1716 1525 1772; x_wconf 88' lang='lat' dir='ltr'><strong>illos</strong></span> <span class='ocrx_word' id='word_1_116' title='bbox 1554 1724 1715 1772; x_wconf 82' lang='lat' dir='ltr'><strong>natus</strong></span> <span class='ocrx_word' id='word_1_117' title='bbox 1738 1733 1843 1772; x_wconf 88' lang='lat' dir='ltr'><strong>non</strong></span> 
     </span>
     <span class='ocr_line' id='line_1_18' title="bbox 384 1799 1842 1871; baseline -0.004 -13"><span class='ocrx_word' id='word_1_118' title='bbox 384 1804 603 1867; x_wconf 56' lang='lat' dir='ltr'><strong>fuissem</strong></span> <span class='ocrx_word' id='word_1_119' title='bbox 625 1807 680 1855; x_wconf 84' lang='lat' dir='ltr'><strong>et</strong></span> <span class='ocrx_word' id='word_1_120' title='bbox 697 1801 935 1856; x_wconf 85' lang='lat' dir='ltr'><strong>retribue</strong></span> <span class='ocrx_word' id='word_1_121' title='bbox 955 1800 1063 1855; x_wconf 86' lang='lat' dir='ltr'><strong>illis</strong></span> <span class='ocrx_word' id='word_1_122' title='bbox 1077 1800 1343 1871; x_wconf 90' lang='lat' dir='ltr'><strong>quomodo</strong></span> <span class='ocrx_word' id='word_1_123' title='bbox 1365 1805 1421 1857; x_wconf 83' lang='lat' dir='ltr'><strong>et</strong></span> <span class='ocrx_word' id='word_1_124' title='bbox 1436 1800 1514 1855; x_wconf 91' lang='lat' dir='ltr'><strong>illi</strong></span> <span class='ocrx_word' id='word_1_125' title='bbox 1537 1799 1734 1857; x_wconf 86' lang='lat' dir='ltr'><strong>tibi.V.</strong></span> <span class='ocrx_word' id='word_1_126' title='bbox 1753 1803 1842 1853; x_wconf 76' lang='lat'>30.</span> 
     </span>
     <span class='ocr_line' id='line_1_19' title="bbox 451 1876 1847 1948; baseline 0 -14"><span class='ocrx_word' id='word_1_127' title='bbox 451 1882 537 1934; x_wconf 77' lang='lat'><strong>73.</strong></span> <span class='ocrx_word' id='word_1_128' title='bbox 574 1878 637 1932; x_wconf 88' lang='lat' dir='ltr'><strong>In</strong></span> <span class='ocrx_word' id='word_1_129' title='bbox 662 1877 776 1930; x_wconf 60' lang='lat' dir='ltr'><strong>tota</strong></span> <span class='ocrx_word' id='word_1_130' title='bbox 797 1876 978 1931; x_wconf 59' lang='lat' dir='ltr'><strong>anim&amp;</strong></span> <span class='ocrx_word' id='word_1_131' title='bbox 997 1878 1091 1932; x_wconf 66' lang='lat' dir='ltr'><strong>tufi</strong></span> <span class='ocrx_word' id='word_1_132' title='bbox 1112 1879 1241 1931; x_wconf 77' lang='lat' dir='ltr'><strong>time</strong></span> <span class='ocrx_word' id='word_1_133' title='bbox 1258 1881 1575 1948; x_wconf 87' lang='lat' dir='ltr'><strong>Dominum,</strong></span> <span class='ocrx_word' id='word_1_134' title='bbox 1603 1887 1659 1935; x_wconf 85' lang='lat' dir='ltr'><strong>et</strong></span> <span class='ocrx_word' id='word_1_135' title='bbox 1678 1895 1847 1936; x_wconf 85' lang='lat' dir='ltr'><strong>sacer·</strong></span> 
     </span>
     <span class='ocr_line' id='line_1_20' title="bbox 381 1955 1215 2020; baseline -0.01 0"><span class='ocrx_word' id='word_1_136' title='bbox 381 1963 533 2020; x_wconf 84' lang='lat' dir='ltr'><strong>dotes</strong></span> <span class='ocrx_word' id='word_1_137' title='bbox 549 1958 698 2015; x_wconf 79' lang='lat' dir='ltr'><strong>illius</strong></span> <span class='ocrx_word' id='word_1_138' title='bbox 717 1955 1009 2014; x_wconf 81' lang='lat' dir='ltr'><strong>sanctifica.</strong></span> <span class='ocrx_word' id='word_1_139' title='bbox 1037 1956 1098 2012; x_wconf 93' lang='lat' dir='ltr'>V.</span> <span class='ocrx_word' id='word_1_140' title='bbox 1128 1960 1215 2012; x_wconf 74' lang='grc'><strong>31.</strong></span> 
     </span>
     <span class='ocr_line' id='line_1_21' title="bbox 453 2038 1843 2111; baseline -0.004 -9"><span class='ocrx_word' id='word_1_141' title='bbox 453 2047 543 2102; x_wconf 73' lang='grc'><strong>74.</strong></span> <span class='ocrx_word' id='word_1_142' title='bbox 568 2043 630 2099; x_wconf 90' lang='lat' dir='ltr'><strong>In</strong></span> <span class='ocrx_word' id='word_1_143' title='bbox 651 2041 800 2097; x_wconf 87' lang='lat' dir='ltr'><strong>omni</strong></span> <span class='ocrx_word' id='word_1_144' title='bbox 817 2040 1016 2097; x_wconf 84' lang='lat' dir='ltr'><strong>virtute</strong></span> <span class='ocrx_word' id='word_1_145' title='bbox 1038 2038 1133 2095; x_wconf 67' lang='lat' dir='ltr'><strong>tua</strong></span> <span class='ocrx_word' id='word_1_146' title='bbox 1156 2038 1317 2111; x_wconf 84' lang='lat' dir='ltr'><strong>dilige</strong></span> <span class='ocrx_word' id='word_1_147' title='bbox 1335 2055 1458 2096; x_wconf 90' lang='lat' dir='ltr'><strong>eum</strong></span> <span class='ocrx_word' id='word_1_148' title='bbox 1484 2039 1578 2110; x_wconf 87' lang='lat' dir='ltr'><strong>qui</strong></span> <span class='ocrx_word' id='word_1_149' title='bbox 1616 2044 1669 2095; x_wconf 89' lang='lat' dir='ltr'><strong>te</strong></span> <span class='ocrx_word' id='word_1_150' title='bbox 1691 2040 1843 2110; x_wconf 86' lang='lat' dir='ltr'><strong>fecit;</strong></span> 
     </span>
     <span class='ocr_line' id='line_1_22' title="bbox 383 2122 1542 2191; baseline -0.007 -9"><span class='ocrx_word' id='word_1_151' title='bbox 383 2135 440 2182; x_wconf 84' lang='lat' dir='ltr'><strong>et</strong></span> <span class='ocrx_word' id='word_1_152' title='bbox 459 2127 732 2181; x_wconf 71' lang='lat' dir='ltr'><strong>ministros</strong></span> <span class='ocrx_word' id='word_1_153' title='bbox 753 2125 869 2191; x_wconf 79' lang='lat' dir='ltr'><strong>ejus</strong></span> <span class='ocrx_word' id='word_1_154' title='bbox 891 2138 962 2176; x_wconf 87' lang='lat' dir='ltr'><strong>ne</strong></span> <span class='ocrx_word' id='word_1_155' title='bbox 981 2122 1346 2190; x_wconf 80' lang='lat' dir='ltr'><strong>derelinquas.</strong></span> <span class='ocrx_word' id='word_1_156' title='bbox 1372 2122 1433 2176; x_wconf 91' lang='lat' dir='ltr'>V.</span> <span class='ocrx_word' id='word_1_157' title='bbox 1454 2126 1542 2177; x_wconf 75' lang='lat'><strong>32.</strong></span> 
     </span>
     <span class='ocr_line' id='line_1_23' title="bbox 344 2200 1848 2275; baseline -0.001 -13"><span class='ocrx_word' id='word_1_158' title='bbox 344 2217 349 2220; x_wconf 85' lang='grc'><strong><em>·</em></strong></span> <span class='ocrx_word' id='word_1_159' title='bbox 453 2209 544 2262; x_wconf 78' lang='grc'><strong>75.</strong></span> <span class='ocrx_word' id='word_1_160' title='bbox 581 2205 706 2258; x_wconf 89' lang='lat' dir='ltr'><strong>Non</strong></span> <span class='ocrx_word' id='word_1_161' title='bbox 731 2201 874 2257; x_wconf 81' lang='lat' dir='ltr'><strong>desis</strong></span> <span class='ocrx_word' id='word_1_162' title='bbox 912 2200 1249 2272; x_wconf 73' lang='lat' dir='ltr'><strong>plorantibus</strong></span> <span class='ocrx_word' id='word_1_163' title='bbox 1278 2202 1335 2256; x_wconf 88' lang='lat' dir='ltr'><strong>in</strong></span> <span class='ocrx_word' id='word_1_164' title='bbox 1372 2201 1766 2275; x_wconf 77' lang='lat' dir='ltr'><strong>consolatione,</strong></span> <span class='ocrx_word' id='word_1_165' title='bbox 1793 2213 1848 2262; x_wconf 88' lang='lat' dir='ltr'><strong>et</strong></span> 
     </span>
     <span class='ocr_line' id='line_1_24' title="bbox 385 2284 1309 2358; baseline -0.012 -11"><span class='ocrx_word' id='word_1_166' title='bbox 385 2306 506 2348; x_wconf 85' lang='lat' dir='ltr'><strong>cum</strong></span> <span class='ocrx_word' id='word_1_167' title='bbox 529 2285 841 2358; x_wconf 85' lang='lat' dir='ltr'><strong>lugentibus</strong></span> <span class='ocrx_word' id='word_1_168' title='bbox 862 2284 1099 2341; x_wconf 82' lang='lat' dir='ltr'><strong>ambula.</strong></span> <span class='ocrx_word' id='word_1_169' title='bbox 1130 2285 1195 2341; x_wconf 94' lang='lat' dir='ltr'><strong>V.</strong></span> <span class='ocrx_word' id='word_1_170' title='bbox 1221 2289 1309 2342; x_wconf 85' lang='grc'><strong>38.</strong></span> 
     </span>
     <span class='ocr_line' id='line_1_25' title="bbox 451 2368 1847 2443; baseline -0.004 -12"><span class='ocrx_word' id='word_1_171' title='bbox 451 2377 541 2431; x_wconf 92' lang='grc'><strong>76.</strong></span> <span class='ocrx_word' id='word_1_172' title='bbox 580 2373 698 2429; x_wconf 91' lang='lat' dir='ltr'><strong>Non</strong></span> <span class='ocrx_word' id='word_1_173' title='bbox 745 2375 800 2426; x_wconf 88' lang='lat' dir='ltr'><strong>te</strong></span> <span class='ocrx_word' id='word_1_174' title='bbox 842 2370 1021 2443; x_wconf 84' lang='lat' dir='ltr'><strong>pigeat</strong></span> <span class='ocrx_word' id='word_1_175' title='bbox 1059 2369 1273 2427; x_wconf 79' lang='lat' dir='ltr'><strong>visitare</strong></span> <span class='ocrx_word' id='word_1_176' title='bbox 1311 2368 1582 2424; x_wconf 81' lang='lat' dir='ltr'><strong>infirmum</strong></span> <span class='ocrx_word' id='word_1_177' title='bbox 1609 2388 1623 2425; x_wconf 76' lang='grc' dir='ltr'><strong><em>ε</em></strong></span> <span class='ocrx_word' id='word_1_178' title='bbox 1656 2385 1721 2426; x_wconf 86' lang='lat' dir='ltr'><strong>ex</strong></span> <span class='ocrx_word' id='word_1_179' title='bbox 1766 2371 1847 2426; x_wconf 85' lang='lat' dir='ltr'><strong>his</strong></span> 
     </span>
     <span class='ocr_line' id='line_1_26' title="bbox 386 2453 1455 2516; baseline -0.006 0"><span class='ocrx_word' id='word_1_180' title='bbox 386 2461 529 2516; x_wconf 89' lang='lat' dir='ltr'><strong>enim</strong></span> <span class='ocrx_word' id='word_1_181' title='bbox 551 2459 609 2512; x_wconf 90' lang='lat' dir='ltr'><strong>in</strong></span> <span class='ocrx_word' id='word_1_182' title='bbox 631 2455 916 2512; x_wconf 85' lang='lat' dir='ltr'><strong>dilectione</strong></span> <span class='ocrx_word' id='word_1_183' title='bbox 939 2454 1254 2510; x_wconf 85' lang='lat' dir='ltr'><strong>firmaberis.</strong></span> <span class='ocrx_word' id='word_1_184' title='bbox 1280 2453 1343 2509; x_wconf 92' lang='lat' dir='ltr'><strong>V.</strong></span> <span class='ocrx_word' id='word_1_185' title='bbox 1366 2457 1455 2510; x_wconf 83' lang='lat'>39.</span> 
     </span>
     <span class='ocr_line' id='line_1_27' title="bbox 455 2536 1848 2610; baseline -0.006 -14"><span class='ocrx_word' id='word_1_186' title='bbox 455 2541 545 2596; x_wconf 88' lang='grc'><strong>77.</strong></span> <span class='ocrx_word' id='word_1_187' title='bbox 583 2539 645 2594; x_wconf 89' lang='lat' dir='ltr'><strong>In</strong></span> <span class='ocrx_word' id='word_1_188' title='bbox 669 2537 918 2593; x_wconf 82' lang='lat' dir='ltr'><strong>omnibus</strong></span> <span class='ocrx_word' id='word_1_189' title='bbox 960 2537 1215 2610; x_wconf 86' lang='lat' dir='ltr'><strong>operibus</strong></span> <span class='ocrx_word' id='word_1_190' title='bbox 1251 2536 1383 2603; x_wconf 74' lang='lat' dir='ltr'><strong>tuiS,</strong></span> <span class='ocrx_word' id='word_1_191' title='bbox 1422 2547 1719 2590; x_wconf 78' lang='lat' dir='ltr'><strong>memorare</strong></span> <span class='ocrx_word' id='word_1_192' title='bbox 1758 2549 1848 2588; x_wconf 85' lang='lat' dir='ltr'><strong>no-</strong></span> 
     </span>
     <span class='ocr_line' id='line_1_28' title="bbox 387 2616 1807 2692; baseline -0.007 -13"><span class='ocrx_word' id='word_1_193' title='bbox 387 2623 605 2679; x_wconf 80' lang='lat' dir='ltr'><strong>vissima</strong></span> <span class='ocrx_word' id='word_1_194' title='bbox 629 2625 750 2691; x_wconf 85' lang='lat' dir='ltr'><strong>tua,</strong></span> <span class='ocrx_word' id='word_1_195' title='bbox 777 2621 904 2676; x_wconf 89' lang='lat' dir='ltr'><strong>etin</strong></span> <span class='ocrx_word' id='word_1_196' title='bbox 917 2628 1185 2678; x_wconf 80' lang='lat' dir='ltr'><strong>aeternum</strong></span> <span class='ocrx_word' id='word_1_197' title='bbox 1206 2635 1316 2676; x_wconf 88' lang='lat' dir='ltr'><strong>non</strong></span> <span class='ocrx_word' id='word_1_198' title='bbox 1342 2616 1695 2692; x_wconf 50' lang='lat' dir='ltr'><strong>peccabisff.</strong></span> <span class='ocrx_word' id='word_1_199' title='bbox 1722 2617 1807 2670; x_wconf 78' lang='grc'><strong>40.</strong></span> 
     </span>
     <span class='ocr_line' id='line_1_29' title="bbox 456 2703 1847 2778; baseline -0.006 -16"><span class='ocrx_word' id='word_1_200' title='bbox 456 2708 549 2762; x_wconf 90' lang='grc'><strong>78.</strong></span> <span class='ocrx_word' id='word_1_201' title='bbox 587 2705 706 2760; x_wconf 86' lang='lat' dir='ltr'><strong>Non</strong></span> <span class='ocrx_word' id='word_1_202' title='bbox 737 2703 1000 2778; x_wconf 76' lang='lat' dir='ltr'><strong>despicias</strong></span> <span class='ocrx_word' id='word_1_203' title='bbox 1037 2704 1309 2760; x_wconf 87' lang='lat' dir='ltr'><strong>hominem</strong></span> <span class='ocrx_word' id='word_1_204' title='bbox 1352 2707 1683 2762; x_wconf 73' lang='lat' dir='ltr'><strong>avertentem</strong></span> <span class='ocrx_word' id='word_1_205' title='bbox 1718 2715 1776 2754; x_wconf 80' lang='lat' dir='ltr'><strong>se</strong></span> <span class='ocrx_word' id='word_1_206' title='bbox 1814 2715 1847 2754; x_wconf 89' lang='lat' dir='ltr'>a</span> 
     </span>
     <span class='ocr_line' id='line_1_30' title="bbox 387 2785 1847 2868; baseline -0.008 -19"><span class='ocrx_word' id='word_1_207' title='bbox 387 2793 615 2868; x_wconf 75' lang='lat' dir='ltr'><strong>peccat-u</strong></span> <span class='ocrx_word' id='word_1_208' title='bbox 641 2806 656 2845; x_wconf 74' lang='grc' dir='ltr'><strong>ε</strong></span> <span class='ocrx_word' id='word_1_209' title='bbox 694 2795 962 2846; x_wconf 90' lang='lat' dir='ltr'><strong>memento</strong></span> <span class='ocrx_word' id='word_1_210' title='bbox 1009 2789 1265 2860; x_wconf 83' lang='lat' dir='ltr'><strong>quoniam</strong></span> <span class='ocrx_word' id='word_1_211' title='bbox 1316 2799 1503 2843; x_wconf 77' lang='lat' dir='ltr'><strong>omnes</strong></span> <span class='ocrx_word' id='word_1_212' title='bbox 1540 2785 1599 2839; x_wconf 86' lang='lat' dir='ltr'><strong>in</strong></span> <span class='ocrx_word' id='word_1_213' title='bbox 1642 2795 1847 2852; x_wconf 89' lang='lat' dir='ltr'><strong>correp·</strong></span> 
     </span>
    </p>
   </div>
   <div class='ocr_carea' id='block_1_9' title="bbox 391 2873 1178 2934">
    <p class='ocr_par' dir='ltr' id='par_1_11' title="bbox 391 2873 1178 2934">
     <span class='ocr_line' id='line_1_31' title="bbox 391 2873 1178 2934; baseline -0.008 0"><span class='ocrx_word' id='word_1_214' title='bbox 391 2875 435 2934; x_wconf 85' lang='lat' dir='ltr'><strong>ti</strong></span> <span class='ocrx_word' id='word_1_215' title='bbox 467 2889 539 2934; x_wconf 85' lang='lat' dir='ltr'><strong>ne</strong></span> <span class='ocrx_word' id='word_1_216' title='bbox 555 2887 762 2934; x_wconf 72' lang='lat' dir='ltr'><strong>eumue.</strong></span> <span class='ocrx_word' id='word_1_217' title='bbox 788 2873 852 2931; x_wconf 84' lang='lat' dir='ltr'>C.</span> <span class='ocrx_word' id='word_1_218' title='bbox 875 2887 1005 2932; x_wconf 74' lang='lat' dir='ltr'><strong>vm.</strong></span> <span class='ocrx_word' id='word_1_219' title='bbox 1038 2887 1095 2930; x_wconf 72' lang='lat' dir='ltr'>v.</span> <span class='ocrx_word' id='word_1_220' title='bbox 1122 2873 1178 2929; x_wconf 84' lang='grc'><strong>6.</strong></span> 
     </span>
    </p>
   </div>
  </div>
 </body>
</html>
