2034 3234
904 222 1113 296 (94)

339 341 426 394 u.
455 335 818 397 Humiliamini
845 337 950 394 sub
980 337 1187 411 potenti
1222 352 1389 396 manu
1418 339 1538 406 Dei,
1566 345 1624 396 ut
1644 355 1741 398 vos

269 423 464 478 exaltet
480 421 536 476 in
559 427 796 494 tempore
809 421 1131 478 visitationis
1150 441 1165 492 ;
1184 437 1398 478 omnem
1420 424 1739 480 sollicitudi-

271 523 392 564 nem
419 511 652 564 vestram
693 505 1034 578 projicientes
1073 507 1129 563 in
1170 523 1320 580 eum,
1356 509 1609 581 quoniam
1639 510 1741 585 ipsi

268 608 398 648 cura
414 598 494 647 est
516 592 582 647 de
596 591 767 648 vobis,
788 590 852 648 V.
881 595 911 646 6
934 599 986 648 et
998 594 1052 646 7.

339 679 424 730 ⁴5.
452 674 626 732 Sobrii
663 680 858 742 estote,
883 681 938 732 et
971 675 1210 746 vigilate3
1248 677 1374 747 quia
1406 678 1741 736 adversarius

267 766 444 818 voster
463 759 708 814 diabolus
730 764 987 829 tanquam
1011 761 1095 815 leo
1118 760 1331 830 rugiens
1354 761 1565 832 circuit,
1592 781 1735 834 quae·

265 859 390 898 rens
419 857 582 914 quem
607 841 858 896 devoret:
893 841 980 896 cui
1003 841 1228 897 resistite
1252 842 1417 898 fortes
1444 845 1500 900 in
1524 847 1645 902 fide.
1676 850 1733 906 V.

265 933 298 984 8
321 935 378 986 et
395 932 453 984 9.

333 1015 418 1068 46.
448 1013 589 1066 Deus
611 1008 785 1065 omnis
805 1007 1008 1080 gratiae,
1036 1007 1130 1078 qui
1152 1007 1368 1065 vocavit
1389 1025 1489 1066 nos
1514 1010 1569 1066 in
1588 1017 1739 1068 aeter·

269 1110 394 1154 nam
413 1109 568 1150 suam
587 1093 810 1164 gloriam
831 1093 888 1147 in
910 1093 1117 1148 Christo
1140 1094 1287 1164 Iesu,
1318 1095 1585 1152 modicum
1609 1114 1734 1169 pas·

264 1194 354 1238 sos
373 1179 486 1251 ipse
506 1176 762 1252 perficiet,
790 1175 1129 1232 confirmabit
1150 1178 1533 1252 solidabitque.
1557 1182 1623 1238 V.
1649 1186 1733 1238 40.

335 1266 422 1319 47.
468 1263 736 1318 Habemus
791 1259 1082 1317 firmiorem
1127 1263 1496 1334 propheticum
1540 1280 1739 1323 sermo·

264 1359 420 1413 nem,
447 1345 534 1400 cui
559 1343 698 1400 bene
712 1342 900 1399 -facitis
919 1343 1289 1409 attendentes,
1314 1346 1469 1416 quasi
1500 1346 1739 1402 lucerna

264 1427 464 1500 lucenti
479 1427 536 1482 in
553 1425 844 1495 caliginoso
867 1427 1006 1496 ioco,
1031 1427 1205 1482 donec
1226 1427 1341 1480 dies
1363 1427 1650 1492 elucescat,
1680 1433 1737 1483 et

263 1510 450 1568 lucifer
485 1508 690 1566 oriatur
719 1507 778 1564 in
815 1509 1067 1566 cordibus
1100 1507 1331 1564 vestris:
1366 1509 1469 1565 hoc
1500 1509 1737 1581 primum

264 1595 636 1666 intelligenteS,
657 1594 800 1664 quod
819 1594 996 1650 omnis
1017 1592 1297 1665 prophetia
1314 1591 1606 1667 Scripturae
1616 1611 1737 1666 pro·

263 1677 380 1753 pria
408 1676 848 1750 interpretatione
879 1692 988 1732 non
1022 1675 1099 1730 fit.
1132 1677 1253 1731 Non
1287 1677 1433 1732 enim
1462 1680 1737 1736 voluntate

261 1762 500 1821 bumana
523 1763 686 1817 allata
709 1764 790 1814 est
815 1759 1107 1830 aliquando
1132 1761 1415 1832 prophetia
1440 1780 1455 1816 ε
1480 1762 1593 1832 sed,
1621 1762 1735 1834 Spi-

263 1849 365 1904 ritu
386 1847 586 1902 Sancto
609 1843 879 1914 inspirati,
916 1843 1079 1897 locuti
1102 1850 1231 1898 sunt
1252 1847 1427 1901 saneti
1453 1847 1547 1902 Dei
1570 1845 1735 1905 homi·

263 1946 378 1986 nes,
402 1917 583 1999 Epitre
603 1926 666 1981 ΙΙ.
700 1941 747 1980 c.
772 1941 811 1981 1.
834 1941 888 1982 v.
909 1927 996 1994 49,
1015 1926 1085 1980 20
1103 1931 1161 1980 et
1182 1928 1239 1980 24
1257 1966 1272 1981 .

330 2019 419 2072 48.
455 2013 618 2070 Novit
644 2010 901 2066 Dominus
930 2008 1049 2081 pios
1080 2008 1150 2064 de
1184 2008 1481 2066 tentatione
1506 2010 1729 2082 eripere,

262 2097 475 2168 iniquos
495 2095 692 2152 veroin
716 2092 857 2147 diem
879 2092 1071 2162 judicii
1087 2108 1363 2150 reservare
1385 2093 1730 2150 cruciandos:

263 2183 431 2248 magis
452 2183 628 2230 autem
653 2187 745 2226 eos
767 2173 860 2239 qui
883 2177 1003 2240 post
1024 2185 1243 2223 carnem
1270 2172 1326 2225 in
1359 2175 1737 2244 concupiscen-

263 2261 336 2320 tit
359 2254 712 2323 immunditias
731 2251 1033 2308 ambutant.
1062 2251 1121 2307 C.
1142 2267 1206 2306 n.
1232 2267 1290 2308 v.
1314 2257 1345 2308 9
1372 2260 1426 2310 et
1448 2256 1535 2311 40.

333 2343 419 2398 49.
445 2339 598 2398 Unus
629 2338 744 2396 dies
773 2337 921 2410 apud
950 2334 1233 2392 Dominum
1257 2335 1397 2392 sicut
1415 2336 1559 2394 mille
1580 2339 1729 2410 anni,

263 2435 320 2486 et
335 2425 480 2482 mille
501 2423 630 2480 anni
650 2422 791 2478 sicut
814 2421 927 2477 dies
951 2436 1111 2476 unus.
1137 2419 1195 2475 C.
1229 2435 1313 2476 m.
1341 2436 1395 2474 v.
1420 2423 1472 2478 8.

331 2513 422 2565 20.
471 2509 591 2562 Non
627 2507 802 2562 tardat
833 2502 1091 2560 Dominus
1122 2502 1524 2576 promissionem
1556 2520 1727 2572 suam,
1752 2571 1757 2574 ¹

264 2598 407 2651 sicut
431 2590 651 2661 quidam
673 2588 977 2645 existimant
995 2605 1007 2656 ;
1039 2586 1133 2644 sed
1159 2586 1427 2658 patienter
1447 2588 1556 2660 agit
1574 2602 1732 2659 prop-

265 2683 346 2732 ter
362 2689 476 2743 vos,
491 2674 680 2730 nolens
700 2671 910 2744 aiiquoe
929 2669 1123 2744 perire,
1139 2671 1237 2726 sed
1260 2686 1447 2730 omnes
1465 2669 1536 2728 ad
1558 2670 1729 2744 poeni-

265 2757 489 2814 tentiam
510 2755 729 2812 reverti.
747 2754 816 2813 V.
842 2757 896 2809 9.

333 2840 422 2895 2⁴.
452 2837 717 2894 Adveniet
748 2835 864 2892 dies
894 2833 1106 2892 Domini
1137 2842 1196 2889 ut
1227 2835 1312 2888 fur
1338 2851 1353 2890 ε
1380 2834 1437 2892 in
1464 2849 1577 2907 quo
1606 2833 1724 2892 ooeli
