2034 3234
352 384 442 438 47.
481 379 920 454 Appropinquate
949 379 1081 450 Deo,
1112 385 1169 435 et
1189 377 1647 452 appropinquabit
1658 397 1750 438 vo-

281 462 384 519 bis,
413 465 477 519 V.
503 467 554 519 8.

354 555 439 607 48.
479 548 842 606 Humiliamini
865 547 921 604 in
953 555 1247 622 conspectu
1271 549 1502 620 Domini,
1531 557 1585 607 et
1604 550 1754 610 exal-

279 635 411 692 tabit
430 650 547 693 vos,
575 634 640 690 V.
671 636 758 688 40.

352 721 438 771 49.
479 715 636 788 Agite
672 729 842 783 nunc,
884 712 1095 782 divite8‚
1137 714 1346 787 plorate
1385 713 1654 770 ululantes
1696 714 1751 769 in

280 797 506 854 miseriis
545 797 740 854 vestris
773 813 896 870 quae
930 795 1223 853 advenient
1259 799 1431 854 vobis.
1463 797 1664 853 Aurum
1700 805 1751 852 et

281 887 560 953 argentum
585 888 825 937 vestrum
849 880 1186 954 aeruginavit,
1214 887 1269 938 et
1290 897 1474 954 aerugo
1493 897 1677 938 eorum
1694 881 1750 938 in

281 964 644 1020 testimonium
670 963 826 1020 vobis
847 965 975 1034 erit,
1000 973 1055 1020 et
1076 967 1427 1022 manducabit
1449 981 1638 1022 carnes
1661 982 1751 1024 ve-

275 1054 416 1106 stras
437 1047 579 1105 sicut
599 1045 756 1119 ignis.
784 1048 1207 1106 Thesaurizastis
1233 1051 1387 1107 vobis
1408 1049 1542 1106 iram
1571 1051 1627 1106 in
1650 1067 1750 1108 no-

275 1131 506 1188 vissimis
539 1131 745 1187 diebus.
783 1130 998 1202 Epulati
1034 1129 1161 1188 estis
1178 1141 1583 1205 superterram,
1608 1138 1663 1190 et
1690 1134 1749 1190 in

276 1215 500 1270 luxuriis
525 1212 802 1270 enutristis
838 1213 1004 1270 corda
1030 1221 1211 1270 vestra
1246 1217 1302 1270 in
1332 1215 1421 1272 die
1451 1216 1747 1274 occisionis.

277 1297 336 1353 C'.
363 1313 422 1353 v,
448 1303 576 1362 vat,
611 1300 642 1350 3
671 1299 802 1351 θιὸ.

344 1383 431 1437 20.
473 1377 790 1452 Exemplum
823 1377 1053 1450 accipite
1090 1376 1265 1434 exitus
1298 1380 1447 1451 mah,
1476 1381 1675 1438 laboris
1696 1389 1752 1438 et

271 1460 567 1535 patientiae,
595 1461 904 1536 prophetae,
945 1462 1037 1532 qui
1076 1461 1239 1518 locuti
1277 1471 1405 1519 sunt
1436 1464 1492 1519 in
1536 1465 1751 1522 nomine

277 1544 504 1600 Domini.
535 1545 677 1596 Ecce
701 1541 1075 1596 beatificamus
1104 1559 1197 1597 eos
1220 1545 1312 1612 qui
1334 1546 1743 1602 sustinuerunt:

271 1628 632 1687 sufferentiam
663 1626 765 1684 Job
800 1624 1059 1692 audlsti8‚
1088 1632 1143 1682 et
1172 1625 1337 1686 finem
1370 1631 1581 1688 Domini
1610 1631 1746 1688 vidi-

271 1713 388 1782 stis,
409 1709 668 1783 quoniam
687 1707 989 1769 misericors
1003 1707 1263 1766 Dominus
1285 1717 1364 1768 est
1378 1719 1433 1767 et
1446 1713 1744 1770 miserator.

277 1798 338 1856 V.
368 1799 434 1850 40
458 1802 512 1849 et
541 1797 627 1848 44.

341 1881 430 1936 24.
469 1877 733 1932 Tristatur
780 1873 974 1946 aliquis
1026 1875 1265 1930 vestrum
1288 1879 1315 1930 ?
1377 1881 1516 1932 oret.
1570 1873 1745 1946 AEquo

269 1963 450 2021 animo
475 1959 591 2018 est?
613 1957 826 2033 psallat.
863 1956 1173 2012 Infirmatur
1206 1955 1329 2030 quis
1355 1956 1413 2014 in
1442 1955 1633 2014 vobis?
1665 1959 1745 2013 in-

270 2047 432 2102 ducat
460 2044 800 2117 presbyteros
829 2041 1105 2111 Ecclesiae,
1136 2047 1189 2097 et
1221 2049 1377 2098 orent
1402 2055 1565 2113 super
1591 2055 1735 2108 eum,

270 2134 532 2199 ungentes
568 2143 693 2184 eum
729 2126 844 2182 oleo
878 2125 938 2180 in
969 2126 1188 2183 nomine
1227 2125 1469 2182 Domini:
1498 2132 1552 2182 et
1575 2131 1743 2182 oratio

273 2208 401 2266 fidei
424 2211 657 2268 salvabit
669 2211 960 2275 infirmum,
987 2216 1043 2264 et
1055 2208 1312 2266 allevabit
1326 2225 1450 2266 eum
1464 2209 1735 2279 Dominus,

269 2299 346 2361 et,
383 2295 429 2348 si
467 2293 524 2348 in
561 2292 798 2364 peccatis
837 2291 928 2362 sit,
969 2292 1308 2348 remittentur
1341 2293 1411 2348 ei.
1446 2292 1513 2352 V.
1551 2297 1649 2366 43,
1672 2293 1738 2349 44

272 2378 328 2428 et
349 2375 435 2428 45.

341 2457 430 2510 22.
470 2451 803 2509 confitemini
841 2452 1158 2508 alterutrum
1190 2460 1411 2524 peccata
1448 2459 1645 2520 vestra,
1688 2463 1742 2512 et

249 2543 424 2594 orate
457 2550 554 2610 pro
594 2534 825 2590 invicem
862 2542 922 2592 ut
958 2533 1239 2592 salvemini
1275 2553 1288 2590 ε
1331 2533 1559 2592 multum
1594 2535 1737 2595 enim

276 2619 422 2676 valet
445 2616 750 2692 deprecatio
767 2617 895 2688 justi
920 2617 1157 2674 assidua.
1187 2617 1251 2676 V.
1280 2621 1365 2674 46.

343 2705 433 2758 23.
472 2702 684 2777 Fratres
717 2699 842 2769 mei,
889 2701 934 2758 si
974 2699 1097 2772 quis
1129 2715 1195 2756 ex
1229 2700 1383 2756 vobis
1412 2700 1671 2758 erraverit
1706 2714 1740 2756 a

273 2782 518 2853 veritate,
535 2791 592 2838 et
608 2783 934 2842 converterit
953 2783 1077 2857 quis
1097 2799 1253 2854 eum;
1278 2785 1416 2841 scire
1441 2784 1591 2842 debit
1618 2800 1745 2856 quo-

278 2867 424 2934 niam
450 2866 544 2939 qui
579 2867 820 2928 converti
856 2860 1047 2926 fecerit
1078 2871 1417 2939 peccatorem
1455 2865 1525 2923 ab
1560 2882 1743 2927 errore
