<?xml version="1.0" encoding="UTF-8"?>
<!DOCTYPE html PUBLIC "-//W3C//DTD XHTML 1.0 Transitional//EN"
    "http://www.w3.org/TR/xhtml1/DTD/xhtml1-transitional.dtd">
<html xmlns="http://www.w3.org/1999/xhtml" xml:lang="en" lang="en">
 <head>
  <title>
</title>
<meta http-equiv="Content-Type" content="text/html;charset=utf-8" />
  <meta name='ocr-system' content='tesseract 3.04.00' />
  <meta name='ocr-capabilities' content='ocr_page ocr_carea ocr_par ocr_line ocrx_word'/>
</head>
<body>
  <div class='ocr_page' id='page_1' title='image "./maximestiresdel00rollgoog/maximestiresdel00rollgoog_0021.png"; bbox 0 0 2034 3234; ppageno 0'>
   <div class='ocr_carea' id='block_1_1' title="bbox 347 251 1745 434">
    <p class='ocr_par' dir='ltr' id='par_1_1' title="bbox 347 251 1745 434">
     <span class='ocr_line' id='line_1_1' title="bbox 917 251 1119 321; baseline 0.005 -1"><span class='ocrx_word' id='word_1_1' title='bbox 917 252 941 320; x_wconf 86' lang='lat'>(</span> <span class='ocrx_word' id='word_1_2' title='bbox 981 251 1047 306; x_wconf 88' lang='lat'><strong>11</strong></span> <span class='ocrx_word' id='word_1_3' title='bbox 1094 251 1119 321; x_wconf 87' lang='lat'><strong>)</strong></span> 
     </span>
     <span class='ocr_line' id='line_1_2' title="bbox 347 359 1745 434; baseline -0.003 -15"><span class='ocrx_word' id='word_1_4' title='bbox 347 368 470 421; x_wconf 84' lang='grc'><strong>406.</strong></span> <span class='ocrx_word' id='word_1_5' title='bbox 511 363 614 431; x_wconf 82' lang='lat' dir='ltr'><strong>Qui</strong></span> <span class='ocrx_word' id='word_1_6' title='bbox 639 363 816 434; x_wconf 81' lang='lat' dir='ltr'><strong>parcit</strong></span> <span class='ocrx_word' id='word_1_7' title='bbox 834 361 1033 434; x_wconf 80' lang='lat' dir='ltr'>virgae‚</span> <span class='ocrx_word' id='word_1_8' title='bbox 1072 361 1182 418; x_wconf 82' lang='lat' dir='ltr'><strong>odit</strong></span> <span class='ocrx_word' id='word_1_9' title='bbox 1214 359 1386 415; x_wconf 80' lang='lat' dir='ltr'><strong>filium</strong></span> <span class='ocrx_word' id='word_1_10' title='bbox 1416 375 1612 430; x_wconf 73' lang='lat' dir='ltr'><strong>suum3</strong></span> <span class='ocrx_word' id='word_1_11' title='bbox 1651 361 1745 433; x_wconf 87' lang='lat' dir='ltr'><strong>qui</strong></span> 
     </span>
    </p>
   </div>
   <div class='ocr_carea' id='block_1_2' title="bbox 175 442 1556 517">
    <p class='ocr_par' dir='ltr' id='par_1_2' title="bbox 175 442 1556 517">
     <span class='ocr_line' id='line_1_3' title="bbox 175 442 1556 517; baseline -0.004 -12"><span class='ocrx_word' id='word_1_12' title='bbox 175 443 178 446; x_wconf 68' lang='grc'><strong><em>’</em></strong></span> <span class='ocrx_word' id='word_1_13' title='bbox 277 452 460 505; x_wconf 78' lang='lat' dir='ltr'><strong>autem</strong></span> <span class='ocrx_word' id='word_1_14' title='bbox 485 447 660 517; x_wconf 83' lang='lat' dir='ltr'><strong>diligit</strong></span> <span class='ocrx_word' id='word_1_15' title='bbox 676 445 846 516; x_wconf 85' lang='lat' dir='ltr'><strong>illum,</strong></span> <span class='ocrx_word' id='word_1_16' title='bbox 869 443 1139 500; x_wconf 79' lang='lat' dir='ltr'><strong>instanter</strong></span> <span class='ocrx_word' id='word_1_17' title='bbox 1162 443 1354 500; x_wconf 76' lang='lat' dir='ltr'><strong>erudit.</strong></span> <span class='ocrx_word' id='word_1_18' title='bbox 1370 442 1443 500; x_wconf 76' lang='lat' dir='ltr'><strong>V.</strong></span> <span class='ocrx_word' id='word_1_19' title='bbox 1468 445 1556 500; x_wconf 68' lang='lat'><strong>2⁸.</strong></span> 
     </span>
    </p>
   </div>
   <div class='ocr_carea' id='block_1_3' title="bbox 198 526 1771 2878">
    <p class='ocr_par' dir='ltr' id='par_1_3' title="bbox 275 526 1747 684">
     <span class='ocr_line' id='line_1_4' title="bbox 346 526 1747 601; baseline -0.001 -17"><span class='ocrx_word' id='word_1_20' title='bbox 346 531 471 586; x_wconf 79' lang='grc'><strong>407.</strong></span> <span class='ocrx_word' id='word_1_21' title='bbox 511 531 712 585; x_wconf 86' lang='lat' dir='ltr'><strong>Domus</strong></span> <span class='ocrx_word' id='word_1_22' title='bbox 739 529 1025 601; x_wconf 87' lang='lat' dir='ltr'><strong>impiorum</strong></span> <span class='ocrx_word' id='word_1_23' title='bbox 1061 527 1323 583; x_wconf 81' lang='lat' dir='ltr'>delebitur</span> <span class='ocrx_word' id='word_1_24' title='bbox 1350 545 1365 582; x_wconf 71' lang='grc' dir='ltr'><em>τ</em></span> <span class='ocrx_word' id='word_1_25' title='bbox 1401 526 1747 584; x_wconf 78' lang='lat' dir='ltr'><strong>tabernacula</strong></span> 
     </span>
     <span class='ocr_line' id='line_1_5' title="bbox 275 609 1531 684; baseline -0.004 -15"><span class='ocrx_word' id='word_1_26' title='bbox 275 611 406 670; x_wconf 77' lang='lat' dir='ltr'><strong>vero</strong></span> <span class='ocrx_word' id='word_1_27' title='bbox 421 613 689 684; x_wconf 81' lang='lat' dir='ltr'><strong>justorum</strong></span> <span class='ocrx_word' id='word_1_28' title='bbox 715 610 1113 682; x_wconf 78' lang='lat' dir='ltr'><strong>germinabunt.</strong></span> <span class='ocrx_word' id='word_1_29' title='bbox 1130 609 1189 666; x_wconf 92' lang='lat' dir='ltr'><strong>C.</strong></span> <span class='ocrx_word' id='word_1_30' title='bbox 1220 625 1335 664; x_wconf 74' lang='lat' dir='ltr'>xlv.</span> <span class='ocrx_word' id='word_1_31' title='bbox 1358 623 1416 664; x_wconf 71' lang='lat' dir='ltr'><strong>v.</strong></span> <span class='ocrx_word' id='word_1_32' title='bbox 1444 611 1503 664; x_wconf 87' lang='grc'><strong>44</strong></span> <span class='ocrx_word' id='word_1_33' title='bbox 1518 650 1531 664; x_wconf 97' lang='grc'><strong>.</strong></span> 
     </span>
    </p>

    <p class='ocr_par' dir='ltr' id='par_1_4' title="bbox 276 691 1745 845">
     <span class='ocr_line' id='line_1_6' title="bbox 345 691 1745 748; baseline -0.002 -1"><span class='ocrx_word' id='word_1_34' title='bbox 345 695 470 748; x_wconf 88' lang='grc'><strong>408.</strong></span> <span class='ocrx_word' id='word_1_35' title='bbox 507 693 774 748; x_wconf 86' lang='lat' dir='ltr'><strong>Innocens</strong></span> <span class='ocrx_word' id='word_1_36' title='bbox 797 692 967 747; x_wconf 81' lang='lat' dir='ltr'><strong>eredit</strong></span> <span class='ocrx_word' id='word_1_37' title='bbox 985 691 1132 748; x_wconf 88' lang='lat' dir='ltr'><strong>omni</strong></span> <span class='ocrx_word' id='word_1_38' title='bbox 1149 691 1315 746; x_wconf 84' lang='lat' dir='ltr'><strong>verbo</strong></span> <span class='ocrx_word' id='word_1_39' title='bbox 1338 709 1358 745; x_wconf 86' lang='lat'><strong>·.</strong></span> <span class='ocrx_word' id='word_1_40' title='bbox 1386 691 1599 745; x_wconf 80' lang='lat' dir='ltr'><strong>astutus</strong></span> <span class='ocrx_word' id='word_1_41' title='bbox 1619 703 1745 745; x_wconf 85' lang='lat' dir='ltr'><strong>oon-</strong></span> 
     </span>
     <span class='ocr_line' id='line_1_7' title="bbox 276 773 1084 845; baseline -0.002 -15"><span class='ocrx_word' id='word_1_42' title='bbox 276 773 476 830; x_wconf 80' lang='lat' dir='ltr'><strong>siderat</strong></span> <span class='ocrx_word' id='word_1_43' title='bbox 489 789 702 845; x_wconf 74' lang='lat' dir='ltr'><strong>gressus</strong></span> <span class='ocrx_word' id='word_1_44' title='bbox 725 790 870 830; x_wconf 71' lang='lat' dir='ltr'><strong>suoS.</strong></span> <span class='ocrx_word' id='word_1_45' title='bbox 895 775 962 832; x_wconf 87' lang='lat' dir='ltr'><strong>V.</strong></span> <span class='ocrx_word' id='word_1_46' title='bbox 997 777 1084 829; x_wconf 80' lang='grc'><strong>45.</strong></span> 
     </span>
    </p>

    <p class='ocr_par' dir='ltr' id='par_1_5' title="bbox 275 855 1747 1010">
     <span class='ocr_line' id='line_1_8' title="bbox 344 855 1747 929; baseline 0 -18"><span class='ocrx_word' id='word_1_47' title='bbox 344 859 470 914; x_wconf 85' lang='grc'><strong>409.</strong></span> <span class='ocrx_word' id='word_1_48' title='bbox 504 858 731 929; x_wconf 77' lang='lat' dir='ltr'><strong>Sapiens</strong></span> <span class='ocrx_word' id='word_1_49' title='bbox 758 858 911 913; x_wconf 82' lang='lat' dir='ltr'><strong>timet</strong></span> <span class='ocrx_word' id='word_1_50' title='bbox 937 861 991 913; x_wconf 79' lang='lat' dir='ltr'><strong>et</strong></span> <span class='ocrx_word' id='word_1_51' title='bbox 1012 855 1250 912; x_wconf 79' lang='lat' dir='ltr'><strong>declinat</strong></span> <span class='ocrx_word' id='word_1_52' title='bbox 1284 873 1317 914; x_wconf 87' lang='lat' dir='ltr'><strong>a</strong></span> <span class='ocrx_word' id='word_1_53' title='bbox 1332 855 1515 914; x_wconf 84' lang='lat' dir='ltr'><strong>malo:</strong></span> <span class='ocrx_word' id='word_1_54' title='bbox 1545 855 1747 914; x_wconf 80' lang='lat' dir='ltr'><strong>stultus</strong></span> 
     </span>
     <span class='ocr_line' id='line_1_9' title="bbox 275 939 1061 1010; baseline -0.003 -14"><span class='ocrx_word' id='word_1_55' title='bbox 275 940 508 1010; x_wconf 79' lang='lat' dir='ltr'><strong>transilit</strong></span> <span class='ocrx_word' id='word_1_56' title='bbox 531 946 588 995; x_wconf 87' lang='lat' dir='ltr'><strong>et</strong></span> <span class='ocrx_word' id='word_1_57' title='bbox 608 939 848 996; x_wconf 83' lang='lat' dir='ltr'><strong>confidit.</strong></span> <span class='ocrx_word' id='word_1_58' title='bbox 874 941 939 997; x_wconf 82' lang='lat' dir='ltr'><strong>V.</strong></span> <span class='ocrx_word' id='word_1_59' title='bbox 971 943 1061 994; x_wconf 84' lang='grc'><strong>46.</strong></span> 
     </span>
    </p>

    <p class='ocr_par' dir='ltr' id='par_1_6' title="bbox 273 1019 1747 1160">
     <span class='ocr_line' id='line_1_10' title="bbox 345 1019 1747 1091; baseline -0.001 -17"><span class='ocrx_word' id='word_1_60' title='bbox 345 1022 469 1075; x_wconf 90' lang='grc'><strong>440.</strong></span> <span class='ocrx_word' id='word_1_61' title='bbox 508 1021 796 1091; x_wconf 73' lang='lat' dir='ltr'><strong>Impatiens</strong></span> <span class='ocrx_word' id='word_1_62' title='bbox 839 1019 1149 1091; x_wconf 78' lang='lat' dir='ltr'><strong>operabitur</strong></span> <span class='ocrx_word' id='word_1_63' title='bbox 1190 1019 1475 1077; x_wconf 75' lang='lat' dir='ltr'><strong>stultitiam</strong></span> <span class='ocrx_word' id='word_1_64' title='bbox 1504 1039 1521 1074; x_wconf 91' lang='lat'><strong>·.</strong></span> <span class='ocrx_word' id='word_1_65' title='bbox 1570 1023 1624 1075; x_wconf 85' lang='lat' dir='ltr'><strong>et</strong></span> <span class='ocrx_word' id='word_1_66' title='bbox 1660 1019 1747 1076; x_wconf 71' lang='lat' dir='ltr'><strong>vir</strong></span> 
     </span>
     <span class='ocr_line' id='line_1_11' title="bbox 273 1103 1093 1160; baseline 0 -2"><span class='ocrx_word' id='word_1_67' title='bbox 273 1107 522 1158; x_wconf 78' lang='lat' dir='ltr'><strong>versutus</strong></span> <span class='ocrx_word' id='word_1_68' title='bbox 544 1103 760 1158; x_wconf 82' lang='lat' dir='ltr'><strong>odiosus</strong></span> <span class='ocrx_word' id='word_1_69' title='bbox 781 1107 882 1158; x_wconf 84' lang='lat' dir='ltr'><strong>est.</strong></span> <span class='ocrx_word' id='word_1_70' title='bbox 908 1103 976 1160; x_wconf 97' lang='lat' dir='ltr'><strong>V.</strong></span> <span class='ocrx_word' id='word_1_71' title='bbox 1005 1103 1093 1158; x_wconf 87' lang='grc'><strong>47.</strong></span> 
     </span>
    </p>

    <p class='ocr_par' dir='ltr' id='par_1_7' title="bbox 277 1179 1771 1334">
     <span class='ocr_line' id='line_1_12' title="bbox 345 1179 1749 1254; baseline 0 -18"><span class='ocrx_word' id='word_1_72' title='bbox 345 1187 470 1238; x_wconf 88' lang='grc'><strong>444.</strong></span> <span class='ocrx_word' id='word_1_73' title='bbox 507 1183 614 1248; x_wconf 80' lang='lat' dir='ltr'><strong>Qui</strong></span> <span class='ocrx_word' id='word_1_74' title='bbox 633 1183 860 1254; x_wconf 73' lang='lat' dir='ltr'>despicit</span> <span class='ocrx_word' id='word_1_75' title='bbox 879 1185 1185 1252; x_wconf 80' lang='lat' dir='ltr'><strong>proximum</strong></span> <span class='ocrx_word' id='word_1_76' title='bbox 1206 1199 1384 1251; x_wconf 79' lang='lat' dir='ltr'><strong>suum,</strong></span> <span class='ocrx_word' id='word_1_77' title='bbox 1411 1185 1629 1253; x_wconf 81' lang='lat' dir='ltr'><strong>peooat;</strong></span> <span class='ocrx_word' id='word_1_78' title='bbox 1653 1179 1749 1250; x_wconf 87' lang='lat' dir='ltr'><strong>qui</strong></span> 
     </span>
     <span class='ocr_line' id='line_1_13' title="bbox 277 1263 1771 1334; baseline -0.006 -12"><span class='ocrx_word' id='word_1_79' title='bbox 277 1269 454 1322; x_wconf 84' lang='lat' dir='ltr'><strong>autem</strong></span> <span class='ocrx_word' id='word_1_80' title='bbox 477 1265 760 1318; x_wconf 82' lang='lat' dir='ltr'><strong>miseretur</strong></span> <span class='ocrx_word' id='word_1_81' title='bbox 781 1263 1054 1334; x_wconf 81' lang='lat' dir='ltr'><strong>pauperis,</strong></span> <span class='ocrx_word' id='word_1_82' title='bbox 1076 1263 1269 1317; x_wconf 84' lang='lat' dir='ltr'><strong>beatus</strong></span> <span class='ocrx_word' id='word_1_83' title='bbox 1291 1263 1407 1317; x_wconf 87' lang='lat' dir='ltr'><strong>erit.</strong></span> <span class='ocrx_word' id='word_1_84' title='bbox 1425 1263 1498 1320; x_wconf 80' lang='lat' dir='ltr'><strong>V.</strong></span> <span class='ocrx_word' id='word_1_85' title='bbox 1522 1263 1583 1318; x_wconf 76' lang='grc'><strong>24</strong></span> <span class='ocrx_word' id='word_1_86' title='bbox 1600 1301 1614 1314; x_wconf 95' lang='grc'><strong>.</strong></span> <span class='ocrx_word' id='word_1_87' title='bbox 1734 1265 1771 1296; x_wconf 78' lang='lat'><em>⁰</em></span> 
     </span>
    </p>

    <p class='ocr_par' dir='ltr' id='par_1_8' title="bbox 273 1341 1747 1502">
     <span class='ocr_line' id='line_1_14' title="bbox 340 1341 1747 1418; baseline -0.001 -18"><span class='ocrx_word' id='word_1_88' title='bbox 340 1349 366 1400; x_wconf 88' lang='grc'><strong>4</strong></span> <span class='ocrx_word' id='word_1_89' title='bbox 377 1347 464 1402; x_wconf 78' lang='grc'><strong>42.</strong></span> <span class='ocrx_word' id='word_1_90' title='bbox 503 1344 699 1400; x_wconf 82' lang='lat' dir='ltr'><strong>Errant</strong></span> <span class='ocrx_word' id='word_1_91' title='bbox 713 1345 805 1418; x_wconf 88' lang='lat' dir='ltr'><strong>qui</strong></span> <span class='ocrx_word' id='word_1_92' title='bbox 818 1343 1326 1415; x_wconf 73' lang='lat' dir='ltr'><strong>operantur-malum</strong></span> <span class='ocrx_word' id='word_1_93' title='bbox 1342 1361 1358 1401; x_wconf 68' lang='grc' dir='ltr'>ε</span> <span class='ocrx_word' id='word_1_94' title='bbox 1384 1341 1747 1400; x_wconf 79' lang='lat' dir='ltr'>misericordia</span> 
     </span>
     <span class='ocr_line' id='line_1_15' title="bbox 273 1427 1267 1502; baseline -0.003 -16"><span class='ocrx_word' id='word_1_95' title='bbox 273 1431 326 1486; x_wconf 82' lang='lat' dir='ltr'><strong>et</strong></span> <span class='ocrx_word' id='word_1_96' title='bbox 343 1427 543 1487; x_wconf 78' lang='lat' dir='ltr'><strong>veritas</strong></span> <span class='ocrx_word' id='word_1_97' title='bbox 565 1435 874 1502; x_wconf 83' lang='lat' dir='ltr'><strong>praeparant</strong></span> <span class='ocrx_word' id='word_1_98' title='bbox 893 1427 1061 1484; x_wconf 84' lang='lat' dir='ltr'><strong>bona.</strong></span> <span class='ocrx_word' id='word_1_99' title='bbox 1076 1427 1146 1486; x_wconf 84' lang='lat' dir='ltr'><strong>V.</strong></span> <span class='ocrx_word' id='word_1_100' title='bbox 1172 1431 1267 1484; x_wconf 80' lang='lat'><strong>22.</strong></span> 
     </span>
    </p>

    <p class='ocr_par' dir='ltr' id='par_1_9' title="bbox 273 1508 1743 1666">
     <span class='ocr_line' id='line_1_16' title="bbox 343 1508 1743 1586; baseline -0.001 -20"><span class='ocrx_word' id='word_1_101' title='bbox 343 1515 466 1568; x_wconf 83' lang='grc'><strong>443.</strong></span> <span class='ocrx_word' id='word_1_102' title='bbox 504 1513 566 1566; x_wconf 88' lang='lat' dir='ltr'><strong>In</strong></span> <span class='ocrx_word' id='word_1_103' title='bbox 599 1512 746 1569; x_wconf 88' lang='lat' dir='ltr'><strong>omni</strong></span> <span class='ocrx_word' id='word_1_104' title='bbox 766 1528 928 1586; x_wconf 85' lang='lat' dir='ltr'><strong>opere</strong></span> <span class='ocrx_word' id='word_1_105' title='bbox 955 1511 1101 1576; x_wconf 86' lang='lat' dir='ltr'><strong>bono</strong></span> <span class='ocrx_word' id='word_1_106' title='bbox 1124 1512 1226 1566; x_wconf 82' lang='lat' dir='ltr'><strong>erit</strong></span> <span class='ocrx_word' id='word_1_107' title='bbox 1248 1511 1612 1566; x_wconf 83' lang='lat' dir='ltr'><strong>abundantia:</strong></span> <span class='ocrx_word' id='word_1_108' title='bbox 1642 1508 1743 1564; x_wconf 83' lang='lat' dir='ltr'><strong>ubi</strong></span> 
     </span>
     <span class='ocr_line' id='line_1_17' title="bbox 273 1593 1715 1666; baseline -0.001 -15"><span class='ocrx_word' id='word_1_109' title='bbox 273 1599 454 1652; x_wconf 84' lang='lat' dir='ltr'><strong>autem</strong></span> <span class='ocrx_word' id='word_1_110' title='bbox 475 1593 646 1651; x_wconf 80' lang='lat' dir='ltr'><strong>verba</strong></span> <span class='ocrx_word' id='word_1_111' title='bbox 665 1599 794 1650; x_wconf 84' lang='lat' dir='ltr'><strong>sunt</strong></span> <span class='ocrx_word' id='word_1_112' title='bbox 805 1595 1064 1666; x_wconf 79' lang='lat' dir='ltr'><strong>plurima,</strong></span> <span class='ocrx_word' id='word_1_113' title='bbox 1082 1595 1164 1649; x_wconf 76' lang='lat' dir='ltr'><strong>ihi</strong></span> <span class='ocrx_word' id='word_1_114' title='bbox 1185 1595 1490 1666; x_wconf 79' lang='lat' dir='ltr'><strong>frequenter</strong></span> <span class='ocrx_word' id='word_1_115' title='bbox 1508 1598 1715 1664; x_wconf 79' lang='lat' dir='ltr'><strong>egestas</strong></span> 
     </span>
    </p>

    <p class='ocr_par' dir='ltr' id='par_1_10' title="bbox 198 1747 1750 1996">
     <span class='ocr_line' id='line_1_18' title="bbox 344 1747 1745 1826; baseline -0.001 -15"><span class='ocrx_word' id='word_1_116' title='bbox 344 1762 368 1811; x_wconf 98' lang='grc'><strong>4</strong></span> <span class='ocrx_word' id='word_1_117' title='bbox 383 1761 404 1810; x_wconf 85' lang='grc'><strong>4</strong></span> <span class='ocrx_word' id='word_1_118' title='bbox 417 1759 468 1811; x_wconf 66' lang='grc'><strong>4.</strong></span> <span class='ocrx_word' id='word_1_119' title='bbox 509 1757 618 1824; x_wconf 87' lang='lat' dir='ltr'><strong>Qui</strong></span> <span class='ocrx_word' id='word_1_120' title='bbox 639 1755 998 1812; x_wconf 69' lang='lat' dir='ltr'><strong>calumniatur</strong></span> <span class='ocrx_word' id='word_1_121' title='bbox 1013 1747 1283 1824; x_wconf 66' lang='lat' dir='ltr'><strong>egentem,</strong></span> <span class='ocrx_word' id='word_1_122' title='bbox 1306 1755 1599 1826; x_wconf 80' lang='lat' dir='ltr'>exprobrat</span> <span class='ocrx_word' id='word_1_123' title='bbox 1626 1756 1745 1810; x_wconf 76' lang='lat' dir='ltr'><strong>fao·</strong></span> 
     </span>
     <span class='ocr_line' id='line_1_19' title="bbox 275 1835 1750 1910; baseline 0.001 -18"><span class='ocrx_word' id='word_1_124' title='bbox 275 1837 376 1892; x_wconf 85' lang='lat' dir='ltr'><strong>tori</strong></span> <span class='ocrx_word' id='word_1_125' title='bbox 397 1837 548 1906; x_wconf 82' lang='lat' dir='ltr'><strong>ejus:</strong></span> <span class='ocrx_word' id='word_1_126' title='bbox 576 1835 806 1892; x_wconf 86' lang='lat' dir='ltr'><strong>honorat</strong></span> <span class='ocrx_word' id='word_1_127' title='bbox 828 1840 1005 1892; x_wconf 83' lang='lat' dir='ltr'><strong>autem</strong></span> <span class='ocrx_word' id='word_1_128' title='bbox 1027 1849 1165 1902; x_wconf 78' lang='lat' dir='ltr'><strong>eum,</strong></span> <span class='ocrx_word' id='word_1_129' title='bbox 1197 1835 1289 1908; x_wconf 87' lang='lat' dir='ltr'><strong>qui</strong></span> <span class='ocrx_word' id='word_1_130' title='bbox 1310 1837 1597 1892; x_wconf 84' lang='lat' dir='ltr'><strong>miseretur</strong></span> <span class='ocrx_word' id='word_1_131' title='bbox 1614 1851 1750 1910; x_wconf 78' lang='lat' dir='ltr'><strong>pau-</strong></span> 
     </span>
     <span class='ocr_line' id='line_1_20' title="bbox 198 1920 1042 1996; baseline 0.001 -20"><span class='ocrx_word' id='word_1_132' title='bbox 198 1922 212 1930; x_wconf 86' lang='lat'><strong>&#39;</strong></span> <span class='ocrx_word' id='word_1_133' title='bbox 273 1921 434 1996; x_wconf 76' lang='lat' dir='ltr'><strong>periS.</strong></span> <span class='ocrx_word' id='word_1_134' title='bbox 458 1920 526 1980; x_wconf 88' lang='lat' dir='ltr'><strong>V.</strong></span> <span class='ocrx_word' id='word_1_135' title='bbox 554 1923 614 1976; x_wconf 81' lang='grc'><strong>34</strong></span> <span class='ocrx_word' id='word_1_136' title='bbox 631 1962 644 1977; x_wconf 92' lang='grc'><strong>.</strong></span> <span class='ocrx_word' id='word_1_137' title='bbox 1036 1929 1042 1934; x_wconf 79' lang='grc'><strong>“</strong></span> 
     </span>
    </p>

    <p class='ocr_par' dir='ltr' id='par_1_11' title="bbox 272 2001 1745 2158">
     <span class='ocr_line' id='line_1_21' title="bbox 338 2001 1745 2080; baseline 0.003 -22"><span class='ocrx_word' id='word_1_138' title='bbox 338 2005 463 2059; x_wconf 75' lang='grc'><strong>445.</strong></span> <span class='ocrx_word' id='word_1_139' title='bbox 499 2003 564 2058; x_wconf 78' lang='lat' dir='ltr'><strong>ln</strong></span> <span class='ocrx_word' id='word_1_140' title='bbox 589 2001 798 2060; x_wconf 71' lang='lat' dir='ltr'><strong>malitia</strong></span> <span class='ocrx_word' id='word_1_141' title='bbox 833 2003 933 2060; x_wconf 61' lang='lat' dir='ltr'><strong>sust</strong></span> <span class='ocrx_word' id='word_1_142' title='bbox 971 2001 1269 2076; x_wconf 82' lang='lat' dir='ltr'><strong>expelletur</strong></span> <span class='ocrx_word' id='word_1_143' title='bbox 1296 2004 1495 2078; x_wconf 88' lang='lat' dir='ltr'><strong>impius</strong></span> <span class='ocrx_word' id='word_1_144' title='bbox 1519 2023 1535 2061; x_wconf 77' lang='lat' dir='ltr'><strong>t</strong></span> <span class='ocrx_word' id='word_1_145' title='bbox 1563 2015 1745 2080; x_wconf 78' lang='lat' dir='ltr'><strong>sperat</strong></span> 
     </span>
     <span class='ocr_line' id='line_1_22' title="bbox 272 2083 1266 2158; baseline 0 -14"><span class='ocrx_word' id='word_1_146' title='bbox 272 2089 454 2144; x_wconf 81' lang='lat' dir='ltr'><strong>autem</strong></span> <span class='ocrx_word' id='word_1_147' title='bbox 459 2085 643 2156; x_wconf 83' lang='lat' dir='ltr'><strong>justus</strong></span> <span class='ocrx_word' id='word_1_148' title='bbox 667 2084 722 2138; x_wconf 90' lang='lat' dir='ltr'><strong>in</strong></span> <span class='ocrx_word' id='word_1_149' title='bbox 749 2090 920 2158; x_wconf 76' lang='lat' dir='ltr'><strong>morte</strong></span> <span class='ocrx_word' id='word_1_150' title='bbox 941 2083 1059 2140; x_wconf 69' lang='lat' dir='ltr'><strong>sua.</strong></span> <span class='ocrx_word' id='word_1_151' title='bbox 1083 2083 1153 2142; x_wconf 91' lang='lat' dir='ltr'><strong>V.</strong></span> <span class='ocrx_word' id='word_1_152' title='bbox 1176 2089 1266 2144; x_wconf 72' lang='lat'><strong>32.</strong></span> 
     </span>
    </p>

    <p class='ocr_par' dir='ltr' id='par_1_12' title="bbox 269 2161 1747 2471">
     <span class='ocr_line' id='line_1_23' title="bbox 344 2161 1747 2244; baseline 0.007 -24"><span class='ocrx_word' id='word_1_153' title='bbox 344 2169 466 2222; x_wconf 75' lang='grc'><strong>446.</strong></span> <span class='ocrx_word' id='word_1_154' title='bbox 503 2167 715 2224; x_wconf 74' lang='lat' dir='ltr'><strong>lustitia</strong></span> <span class='ocrx_word' id='word_1_155' title='bbox 764 2167 944 2224; x_wconf 80' lang='lat' dir='ltr'><strong>elevat</strong></span> <span class='ocrx_word' id='word_1_156' title='bbox 987 2172 1202 2239; x_wconf 81' lang='lat' dir='ltr'><strong>gentem</strong></span> <span class='ocrx_word' id='word_1_157' title='bbox 1244 2183 1261 2226; x_wconf 69' lang='grc' dir='ltr'><strong>ε</strong></span> <span class='ocrx_word' id='word_1_158' title='bbox 1294 2161 1515 2226; x_wconf 78' lang='lat' dir='ltr'><strong>miseros</strong></span> <span class='ocrx_word' id='word_1_159' title='bbox 1563 2173 1747 2244; x_wconf 72' lang='lat' dir='ltr'><strong>autem</strong></span> 
     </span>
     <span class='ocr_line' id='line_1_24' title="bbox 271 2248 1181 2325; baseline 0.001 -19"><span class='ocrx_word' id='word_1_160' title='bbox 271 2248 400 2308; x_wconf 77' lang='lat' dir='ltr'><strong>iacit</strong></span> <span class='ocrx_word' id='word_1_161' title='bbox 421 2249 650 2325; x_wconf 82' lang='lat' dir='ltr'><strong>populos</strong></span> <span class='ocrx_word' id='word_1_162' title='bbox 671 2257 971 2324; x_wconf 83' lang='lat' dir='ltr'><strong>peccatum.</strong></span> <span class='ocrx_word' id='word_1_163' title='bbox 1000 2253 1066 2310; x_wconf 90' lang='lat' dir='ltr'><strong>V.</strong></span> <span class='ocrx_word' id='word_1_164' title='bbox 1094 2255 1181 2308; x_wconf 71' lang='lat'><strong>34.</strong></span> 
     </span>
     <span class='ocr_line' id='line_1_25' title="bbox 286 2329 1745 2402; baseline 0.005 -20"><span class='ocrx_word' id='word_1_165' title='bbox 286 2337 296 2347; x_wconf 88' lang='lat'><strong>·</strong></span> <span class='ocrx_word' id='word_1_166' title='bbox 341 2331 364 2382; x_wconf 88' lang='grc'><strong>4</strong></span> <span class='ocrx_word' id='word_1_167' title='bbox 376 2329 468 2383; x_wconf 76' lang='grc' dir='ltr'><strong>Π.</strong></span> <span class='ocrx_word' id='word_1_168' title='bbox 504 2331 799 2402; x_wconf 80' lang='lat' dir='ltr'><strong>Responsio</strong></span> <span class='ocrx_word' id='word_1_169' title='bbox 811 2331 986 2386; x_wconf 76' lang='lat' dir='ltr'><strong>mollis</strong></span> <span class='ocrx_word' id='word_1_170' title='bbox 997 2332 1197 2400; x_wconf 76' lang='lat' dir='ltr'><strong>frangit</strong></span> <span class='ocrx_word' id='word_1_171' title='bbox 1206 2331 1343 2386; x_wconf 88' lang='lat' dir='ltr'><strong>iram</strong></span> <span class='ocrx_word' id='word_1_172' title='bbox 1358 2349 1373 2385; x_wconf 78' lang='lat' dir='ltr'><strong>t</strong></span> <span class='ocrx_word' id='word_1_173' title='bbox 1388 2347 1565 2389; x_wconf 77' lang='lat' dir='ltr'><strong>sermo</strong></span> <span class='ocrx_word' id='word_1_174' title='bbox 1577 2333 1745 2396; x_wconf 65' lang='lat' dir='ltr'>durus</span> 
     </span>
     <span class='ocr_line' id='line_1_26' title="bbox 269 2407 1138 2471; baseline 0 -5"><span class='ocrx_word' id='word_1_175' title='bbox 269 2409 498 2466; x_wconf 75' lang='lat' dir='ltr'><strong>suscitat</strong></span> <span class='ocrx_word' id='word_1_176' title='bbox 519 2407 772 2467; x_wconf 74' lang='lat' dir='ltr'><strong>furorem.</strong></span> <span class='ocrx_word' id='word_1_177' title='bbox 796 2413 854 2468; x_wconf 88' lang='lat' dir='ltr'><strong>C.</strong></span> <span class='ocrx_word' id='word_1_178' title='bbox 881 2427 976 2471; x_wconf 79' lang='lat' dir='ltr'><strong>xv.</strong></span> <span class='ocrx_word' id='word_1_179' title='bbox 1001 2427 1058 2467; x_wconf 87' lang='lat' dir='ltr'><strong>v.</strong></span> <span class='ocrx_word' id='word_1_180' title='bbox 1087 2415 1138 2466; x_wconf 91' lang='grc'><strong>4.</strong></span> 
     </span>
    </p>

    <p class='ocr_par' dir='ltr' id='par_1_13' title="bbox 269 2493 1751 2634">
     <span class='ocr_line' id='line_1_27' title="bbox 341 2493 1751 2570; baseline 0.007 -24"><span class='ocrx_word' id='word_1_181' title='bbox 341 2495 465 2549; x_wconf 85' lang='grc'><strong>448.</strong></span> <span class='ocrx_word' id='word_1_182' title='bbox 504 2494 566 2550; x_wconf 88' lang='lat' dir='ltr'><strong>ln</strong></span> <span class='ocrx_word' id='word_1_183' title='bbox 588 2493 732 2549; x_wconf 89' lang='lat' dir='ltr'><strong>omni</strong></span> <span class='ocrx_word' id='word_1_184' title='bbox 764 2494 882 2552; x_wconf 85' lang='lat' dir='ltr'><strong>loco</strong></span> <span class='ocrx_word' id='word_1_185' title='bbox 916 2493 1057 2552; x_wconf 88' lang='lat' dir='ltr'><strong>oculi</strong></span> <span class='ocrx_word' id='word_1_186' title='bbox 1080 2493 1291 2551; x_wconf 87' lang='lat' dir='ltr'><strong>Domini</strong></span> <span class='ocrx_word' id='word_1_187' title='bbox 1312 2496 1751 2570; x_wconf 69' lang='lat' dir='ltr'><strong>contemplantiii·</strong></span> 
     </span>
     <span class='ocr_line' id='line_1_28' title="bbox 269 2571 901 2634; baseline 0.002 -4"><span class='ocrx_word' id='word_1_188' title='bbox 269 2571 443 2631; x_wconf 83' lang='lat' dir='ltr'><strong>bonos</strong></span> <span class='ocrx_word' id='word_1_189' title='bbox 463 2578 520 2630; x_wconf 85' lang='lat' dir='ltr'><strong>et</strong></span> <span class='ocrx_word' id='word_1_190' title='bbox 540 2575 728 2630; x_wconf 59' lang='lat' dir='ltr'><strong>malosi.</strong></span> <span class='ocrx_word' id='word_1_191' title='bbox 753 2577 820 2634; x_wconf 81' lang='lat' dir='ltr'><strong>V.</strong></span> <span class='ocrx_word' id='word_1_192' title='bbox 847 2579 901 2631; x_wconf 79' lang='lat'><strong>3.</strong></span> 
     </span>
    </p>

    <p class='ocr_par' dir='ltr' id='par_1_14' title="bbox 268 2657 1748 2878">
     <span class='ocr_line' id='line_1_29' title="bbox 343 2657 1745 2734; baseline 0.006 -25"><span class='ocrx_word' id='word_1_193' title='bbox 343 2659 466 2711; x_wconf 82' lang='grc'><strong>449.</strong></span> <span class='ocrx_word' id='word_1_194' title='bbox 515 2657 722 2714; x_wconf 87' lang='lat' dir='ltr'><strong>Stultus</strong></span> <span class='ocrx_word' id='word_1_195' title='bbox 761 2658 950 2716; x_wconf 85' lang='lat' dir='ltr'><strong>irridet</strong></span> <span class='ocrx_word' id='word_1_196' title='bbox 1002 2659 1337 2732; x_wconf 78' lang='lat' dir='ltr'><strong>disciplinam</strong></span> <span class='ocrx_word' id='word_1_197' title='bbox 1390 2661 1555 2734; x_wconf 81' lang='lat' dir='ltr'><strong>patris</strong></span> <span class='ocrx_word' id='word_1_198' title='bbox 1598 2660 1682 2718; x_wconf 83' lang='lat' dir='ltr'><strong>sui</strong></span> <span class='ocrx_word' id='word_1_199' title='bbox 1726 2675 1745 2718; x_wconf 73' lang='lat' dir='ltr'><em>z</em></span> 
     </span>
     <span class='ocr_line' id='line_1_30' title="bbox 268 2737 1748 2878; baseline 0.009 -88"><span class='ocrx_word' id='word_1_200' title='bbox 268 2737 366 2878; x_wconf 45' lang='lat' dir='ltr'><strong>gui</strong></span> <span class='ocrx_word' id='word_1_201' title='bbox 413 2742 595 2798; x_wconf 81' lang='lat' dir='ltr'><strong>autem</strong></span> <span class='ocrx_word' id='word_1_202' title='bbox 628 2743 860 2799; x_wconf 80' lang='lat' dir='ltr'><strong>custodit</strong></span> <span class='ocrx_word' id='word_1_203' title='bbox 895 2743 1321 2816; x_wconf 81' lang='lat' dir='ltr'><strong>increpationes,</strong></span> <span class='ocrx_word' id='word_1_204' title='bbox 1368 2743 1593 2802; x_wconf 67' lang='lat' dir='ltr'><strong>emtion-</strong></span> <span class='ocrx_word' id='word_1_205' title='bbox 1630 2741 1748 2804; x_wconf 66' lang='lat' dir='ltr'><strong>fiola</strong></span> 
     </span>
    </p>
   </div>
  </div>
 </body>
</html>
