2034 3234
978 301 1185 379 (41)

339 419 412 476 de
431 419 670 492 pristinis
689 417 998 492 deprecare,
1025 425 1085 475 ut
1114 419 1211 478 tibi
1232 419 1581 478 dimittantur.
1606 420 1667 479 C.
1689 437 1809 481 m.

336 515 396 558 v.
421 505 446 557 4
462 542 477 556 .

408 587 530 644 432.
570 585 736 654 Quasi
771 601 804 640 a
839 583 972 640 facie
1005 584 1213 640 colubri
1237 585 1358 656 suge
1379 593 1629 658 peccam
1656 591 1731 654 et,
1758 587 1805 644 si

339 669 630 724 accesseris
653 667 854 736 edilia,
883 667 1178 739 suscipient
1197 671 1271 722 te.
1295 669 1361 722 V.
1392 671 1447 724 2.

406 752 531 805 433.
571 750 674 818 Qui
699 748 815 805 odit
835 749 1246 822 correptionem,
1274 749 1558 822 vestigium
1580 755 1662 806 est
1682 765 1807 823 pec-

334 831 558 902 catoris;
601 837 655 887 et
688 831 784 902 qui
816 831 965 888 timet
1002 833 1199 902 Deum,
1236 837 1581 889 convertetur
1620 831 1690 888 ad
1714 847 1809 890 cor

335 929 516 970 suum.
543 915 611 970 V.
636 915 692 968 7.

405 998 530 1051 434.
570 995 772 1051 Fatuus
807 994 866 1050 in
896 997 1008 1053 risu
1050 996 1249 1052 exaltat
1282 1012 1471 1056 vocem
1503 1013 1657 1056 suam
1684 1017 1699 1054 ε
1725 997 1809 1054 vir

335 1084 518 1135 autem
539 1079 754 1151 sapiens
774 1079 864 1134 vix
887 1079 1043 1134 tacite
1063 1078 1277 1135 ridebit.
1303 1081 1369 1139 V.
1396 1083 1485 1137 23.

408 1163 532 1216 435.
567 1162 796 1217 Susurro
827 1162 1201 1234 coinquinabit
1219 1164 1234 1194 ¹
1264 1161 1503 1218 animam
1530 1175 1717 1226 suam,
1756 1163 1810 1216 et

336 1239 392 1295 in
415 1241 666 1296 omnihus
685 1241 918 1296 odietur.
939 1243 1005 1298 V.
1028 1245 1117 1296 34.

407 1327 531 1379 436.
570 1325 832 1379 Jurationi
870 1341 977 1380 non
1019 1329 1291 1380 assuescat
1323 1339 1383 1380 os
1419 1329 1596 1394 tuum3
1637 1323 1807 1382 nomi·

333 1406 480 1463 natio
499 1407 633 1464 vero
651 1407 750 1463 Dei
771 1421 881 1462 non
905 1406 974 1463 sit
992 1405 1213 1464 ‚assidua
1232 1405 1291 1462 in
1314 1423 1409 1464 ore
1425 1413 1537 1462 tuo.
1564 1405 1623 1462 C.
1643 1421 1801 1463 xxm.

333 1504 388 1543 v.
419 1491 452 1544 9
476 1495 534 1544 et
555 1493 642 1545 40.
947 1541 953 1546 .
1003 1545 1008 1548 ,

403 1571 528 1626 437.
565 1570 660 1627 Vir
695 1571 918 1625 multum
942 1571 1131 1639 jurans
1168 1569 1479 1640 implebitur
1501 1568 1799 1640 iniquitate,

336 1657 392 1707 et
412 1665 524 1707 non
546 1650 785 1708 discedet
806 1666 839 1707 a
859 1652 1020 1706 domo
1041 1651 1183 1706 illius
1205 1650 1383 1722 plaga.
1410 1652 1477 1710 V.
1510 1655 1598 1709 42.

403 1737 530 1791 438.
566 1733 791 1788 Domino
810 1733 942 1796 Deo,
963 1738 1255 1800 antequam
1266 1738 1597 1801 crearentur,
1620 1732 1811 1788 omnia.

333 1820 464 1870 sunt
485 1813 670 1884 agnita
692 1831 706 1868 :
731 1814 811 1868 sic
841 1818 1035 1885 etpost
1056 1811 1350 1884 perfectum
1371 1812 1584 1886 respicit
1603 1811 1803 1869 omnia.

403 1983 527 2036 439.
565 1979 710 2036 Nihil
743 1979 934 2038 meiius
956 1987 1041 2036 est
1068 1981 1235 2051 quam
1264 1979 1422 2036 timor
1444 1980 1559 2049 Dei,
1586 1985 1643 2054 et
1671 1979 1803 2036 nihil

333 2065 548 2122 dulcius
561 2064 725 2136 quain
744 2065 1012 2137 respicere
1030 2065 1085 2119 in
1100 2064 1371 2120 mandatis
1379 2064 1608 2119 Domini.
1624 2063 1691 2119 V.
1713 2067 1801 2120 37.

401 2149 523 2204 440.
565 2145 745 2203 Gloria
778 2163 972 2219 magna
1009 2154 1093 2202 est
1126 2147 1277 2218 sequi
1300 2147 1613 2216 Dominum;
1637 2146 1805 2220 longi·

331 2227 460 2283 tudo
481 2229 627 2285 enim
649 2230 854 2285 dierum
879 2235 1183 2286 assumetur
1206 2230 1277 2285 ab
1300 2245 1385 2286 eo.
1409 2231 1475 2288 V.
1503 2234 1591 2286 38.

401 2313 527 2365 444.-
564 2313 698 2378 Quae
736 2313 792 2366 in
821 2314 1107 2382 juventute
1143 2311 1239 2368 tua
1276 2329 1387 2368 non
1433 2312 1806 2385 congr-egesti,

333 2393 603 2460 quomodo
627 2392 681 2444 in
705 2396 978 2446 senectute
999 2390 1093 2444 tua
1118 2389 1399 2445 invenies?
1420 2391 1479 2446 C.
1503 2407 1637 2446 xxv.
1661 2408 1717 2448 v.
1746 2396 1803 2449 ὅ.

406 2473 528 2528 442.
571 2471 746 2539 Quam
768 2486 995 2543 magnus
1032 2473 1126 2548 qui
1163 2471 1372 2527 invenit
1402 2473 1725 2544 sapientiam
1749 2479 1805 2530 et

330 2555 612 2612 scientiam
633 2555 646 2610 1
673 2554 765 2612 sed
786 2571 895 2611 non
918 2562 999 2612 est
1017 2571 1180 2628 super
1197 2555 1471 2613 timentem
1496 2556 1800 2612 Dominum.

330 2639 526 2777 ν..444ῗ3..
565 2723 708 2778 Vasa
752 2721 898 2794 figuli
942 2724 1137 2796 probat
1186 2723 1377 2779 fornax
1394 2763 1413 2792 ,
1454 2727 1513 2778 et
1554 2721 1801 2780 homines

329 2804 500 2876 justos
524 2805 750 2861 tentatio
772 2807 1151 2864 tribulationis.
1176 2805 1239 2864 C.
1262 2820 1441 2862 xxvii.
1464 2821 1523 2863 v.
1546 2807 1601 2861 6.

388 2923 426 2963 4.
455 2919 513 2962 Le
533 2920 646 2972 sajet
664 2925 732 2961 est
747 2918 928 2974 l'impie.
