2034 3234
628 337 885 398 »ammas
917 334 1372 407 Q'no'rmIENNEs.

339 441 390 489 ln
414 441 606 488 nomine
632 435 805 496 Patria,
829 443 878 484 et
897 434 1004 485 Filii
1020 474 1034 496 ,
1063 445 1115 485 et
1133 437 1340 499 Spiritus
1358 437 1541 491 Sancti.
1567 443 1759 494 Amen>

732 519 938 557 onlson
969 519 1279 558 mumma.

337 570 482 620 Pater
527 577 692 623 noster
727 570 811 628 qui
849 582 900 616 es
927 571 978 616 in
1013 571 1143 618 coelis
1160 603 1176 628 ‚
1208 574 1528 622 sanctificetur
1562 589 1741 627 nomen

277 641 410 682 tuum
433 649 449 682 ε
475 634 702 682 adveniat
721 643 923 688 regnum
949 637 1085 678 tuum
1106 647 1119 677 ε
1145 633 1231 680 fiat
1251 634 1469 682 voluntas
1492 643 1591 695 tua,
1616 639 1739 688 sicut

272 696 324 744 ln
347 696 467 746 coelo
501 700 550 743 et
584 695 634 742 in
674 695 813 740 terra,
855 691 1032 742 Panem
1066 701 1283 742 nostrum
1320 698 1654 755 quotidianum
1678 701 1736 748 da

273 758 416 806 nobis
450 757 626 813 hodie,
661 762 710 802 et
745 755 935 802 dimitte
969 755 1111 802 nobis
1136 755 1299 804 debita
1327 765 1519 818 nostra,
1545 761 1667 808 sicut
1689 769 1734 810 et

268 831 361 868 nos
383 819 672 868 dimittimus
695 817 998 866 debitoribus
1019 819 1210 868 nostris.
1251 817 1313 866 Et
1333 832 1395 867 ne
1417 833 1507 869 nos
1537 821 1737 872 inducas

268 880 320 930 in
344 884 674 932 tentationem.
701 877 798 929 Sed
819 878 968 926 libera
985 891 1076 926 nos
1098 892 1125 927 a
1149 881 1291 928 malo.
1317 880 1490 931 Amen.

691 1014 984 1054 BALUTATION
1013 1008 1300 1062 *acaunum

336 1075 433 1123 Ave
454 1072 623 1132 Maria,
645 1075 798 1133 gratia
823 1075 962 1132 plena
976 1111 992 1133 ‚
1015 1075 1248 1125 Dominus
1272 1086 1457 1138 tecum,
1480 1081 1730 1131 benedicta

267 1137 386 1183 tuin
403 1136 701 1192 mulieribus,
716 1143 766 1182 et
783 1136 1065 1184 benedictus
1082 1139 1106 1186 s
1106 1146 1271 1186 ructus
1286 1144 1464 1188 ventris
1488 1143 1557 1189 tui
1574 1141 1729 1190 JesuS.

323 1193 500 1243 Sancta
521 1196 668 1244 Maria
692 1198 842 1242 Mater
865 1196 970 1252 Dei,
993 1211 1079 1244 ora
1101 1212 1191 1256 pro
1215 1201 1356 1246 nobis
1378 1205 1732 1262 peecatoribu8‚

265 1269 394 1305 nunc
417 1262 468 1302 et
490 1257 543 1302 in
561 1257 679 1302 hora
702 1255 872 1302 mortis
901 1263 1093 1304 nostrae.
1117 1257 1287 1306 Amen.

693 1391 909 1430 sunone
941 1395 1031 1432 nas
1061 1386 1291 1434 Aponus·

319 1451 476 1498 Credo
506 1451 556 1498 in
579 1447 730 1497 Deum
747 1486 760 1509 ,
796 1451 985 1500 Patrem
1013 1459 1423 1517 omnipotentem,
1447 1459 1724 1512 Creatorem

259 1515 362 1561 ooeil
377 1520 427 1560 et
449 1521 617 1570 teri-aeg
639 1522 688 1559 et
711 1515 759 1560 in
781 1510 944 1561 Jesum
959 1516 1201 1565 Christum
1220 1517 1392 1567 Filium
1412 1524 1518 1582 ejus
1532 1528 1724 1573 unicum

260 1575 514 1622 Dominum
561 1582 778 1622 nostrum
800 1591 815 1631 ς
871 1577 954 1632 qui
1001 1587 1265 1639 conce-ptus
1308 1590 1383 1628 est
1436 1585 1495 1630 de
1540 1585 1724 1644 Spiritu

257 1633 462 1694 Sancto,
508 1643 648 1682 natus
687 1648 748 1682 ex
787 1633 934 1683 Maria
975 1636 1200 1699 virginee
1236 1655 1407 1701 passus
1430 1646 1521 1692 suh
1551 1643 1723 1696 Pontio

258 1694 425 1756 Pilato,
457 1697 742 1752 crucifixus,
770 1703 993 1744 mortuus
1026 1709 1075 1748 et
1099 1704 1317 1762 sepultus
1342 1721 1356 1751 ε
1380 1706 1629 1753 descendit
1662 1711 1722 1755 ad

257 1755 473 1814 inferos,
518 1759 657 1803 tertia
693 1758 772 1802 die
808 1763 1069 1804 resurrexit
1098 1771 1127 1806 a
1159 1765 1365 1808 'mortuis
1386 1781 1399 1807 ε
1425 1769 1639 1812 ascendit
1662 1771 1722 1814 ad

257 1819 435 1873 coelos‚
470 1819 608 1863 sedet
635 1817 696 1862 ad
733 1817 976 1864 dexteram
1023 1817 1107 1868 Del
1149 1819 1303 1868 Patris
1337 1824 1719 1884 omnipotentis:

257 1877 370 1925 inde
391 1884 620 1923 venturus
645 1882 722 1923 est
739 1877 957 1934 ,iudicare
981 1881 1113 1928 vivos
1136 1887 1186 1928 et
1208 1892 1439 1934 mortuos,

317 1937 477 1986 Credo
499 1939 547 1985 in
572 1935 806 1998 Spiritum
831 1935 1084 2001 Sanctum,
1116 1954 1326 1993 sanctam
1353 1945 1611 1997 Ecclesiam
1634 1965 1717 2000 ca-

258 2000 500 2059 tholicum,
522 2001 804 2048 Sanctorum
822 1998 1240 2063 Communionem‚
1263 2011 1588 2058 remissionem
1614 2027 1714 2072 pec·

254 2069 490 2122 catorum,
510 2063 666 2110 carnis
679 2065 1102 2125 resurrectionem,
1120 2069 1264 2116 vitam
1276 2075 1520 2120 aeternam.
1540 2073 1709 2124 Amen.

660 2211 950 2254 cournssxon
979 2215 1072 2253 nas
1101 2207 1301 2255 micans.

315 2267 555 2318 Confiteor
571 2265 670 2316 Deo
692 2273 1025 2333 omnipotenti,
1052 2273 1201 2320 beatae
1222 2273 1381 2322 Mariae
1402 2288 1593 2338 semper
1611 2277 1711 2326 Vir-

253 2329 372 2387 gini.
393 2330 535 2378 beato
551 2329 766 2379 Michaeli
791 2334 1261 2392 Archangeio‚heato
1283 2334 1451 2385 loanni
1474 2337 1710 2399 Baptistae,

251 2391 426 2438 sanctis
448 2390 689 2449 Apostolis
722 2391 862 2442 Petro
895 2401 944 2442 et
969 2396 1154 2452 Paulor
1179 2399 1404 2444 omnibus
1426 2399 1638 2460 sanem,
1664 2412 1713 2450 et

251 2452 368 2506 tibi,
401 2457 558 2511 pater,
589 2454 701 2510 quia
725 2457 914 2512 peccavi
955 2457 1099 2502 nimis
1136 2458 1425 2515 cogitatione
1438 2493 1453 2518 ‚
1488 2461 1636 2508 verbo
1664 2470 1713 2511 et

250 2525 400 2574 opere
425 2528 440 2560 z
462 2515 566 2560 mea
589 2515 748 2575 culpa,
773 2520 877 2565 mea
887 2519 1045 2580 culpa,
1060 2521 1166 2570 mea
1190 2521 1393 2570 maxima
1416 2521 1571 2582 culpa.
1598 2521 1711 2573 Ideo

252 2586 424 2634 precor
446 2575 635 2624 beatam
657 2575 853 2627 Mariam
885 2593 1079 2642 semper
1099 2579 1339 2640 Virginem
1353 2615 1369 2641 ‚
1399 2584 1593 2632 beatum
1614 2585 1709 2634 Mi-

250 2637 462 2684 chaelem
477 2638 842 2698 Archangelum,
856 2641 1051 2690 beatum
1064 2640 1093 2689 J
1094 2654 1297 2692 oannem
1307 2641 1589 2705 napinam,
1601 2659 1707 2695 san-
1753 2696 1757 2700 .

250 2702 356 2744 ctos
371 2697 627 2758 Apostolos
640 2699 830 2750 Petrum
849 2708 899 2751 et
915 2703 1133 2762 Paulum,
1157 2717 1325 2753 omnes
1338 2703 1555 2765 Sanctus,
1571 2716 1621 2756 et
1639 2714 1703 2767 te,

252 2763 408 2819 pater,
423 2771 562 2808 orare
577 2773 667 2821 pro
689 2775 767 2810 me
779 2762 1109 2814 adDomimam
1117 2763 1269 2815 Deum
1281 2773 1515 2816 nostrum.
1532 2767 1703 2818 Amen.
