2034 3234
947 301 1148 370 (97)

311 415 578 492 paruerit,
613 414 819 473 similes
841 417 891 472 ei
927 413 1157 482 erimuS‚
1191 409 1447 482 quonium
1466 401 1772 463 videbimus

311 517 438 558 eum
459 500 612 557 sicuti
637 507 736 556 est.
763 501 830 556 Et
849 499 1027 556 omnis
1057 497 1149 568 qui
1177 495 1340 550 habet
1374 494 1513 548 hano
1540 503 1692 561 spem
1712 485 1770 539 in

312 601 376 641 eo
411 585 708 642 sanctificat
740 600 818 654 se,
866 585 1004 640 sicut
1040 589 1096 638 et
1140 581 1232 636 ille
1266 585 1486 636 sanctus
1515 582 1615 633 est.
1632 571 1699 630 V.
1734 572 1771 627 Β

311 673 367 722 et
393 673 448 723 3.

383 753 471 807 ⁴2.
510 749 611 818 Qui
643 749 770 804 facit
803 753 1111 820 peccatum,
1150 761 1214 802 ex
1241 743 1453 802 diabolo
1484 745 1567 798 est
1592 757 1606 794 ε
1631 751 1769 810 quo-

314 835 460 890 niam
487 837 556 892 ab
582 837 733 891 initio
769 835 1014 891 diabolus
1054 839 1257 905 peccat.
1292 831 1351 884 In
1390 831 1493 884 hoc
1530 823 1772 897 apparuit

313 919 474 974 Filius
493 921 618 984 Dei,
646 924 708 974 ut
730 917 984 975 dissolvat
1011 931 1172 988 opera
1196 913 1410 970 diaboii.
1436 913 1499 966 V.
1530 915 1583 962 8.

381 1005 466 1055 43.
506 1003 634 1056 Haec
654 1007 734 1056 est
747 1001 1087 1056 annuntiatio
1106 1013 1266 1068 quam
1284 995 1504 1052 audistis
1518 993 1587 1050 ab
1602 989 1768 1058 initio,

313 1089 376 1137 ut
393 1083 622 1154 diligatis
644 1084 980 1150 alterutrum,
1009 1097 1117 1136 non
1130 1082 1267 1136 sicut
1286 1081 1440 1146 Cain,
1468 1077 1557 1147 qui
1581 1089 1645 1129 ex
1660 1087 1770 1126 ma-

315 1166 454 1236 ligno
493 1171 634 1228 erat,
665 1172 720 1220 et
757 1163 954 1219 oceidit
987 1164 1206 1219 fratrem
1244 1174 1439 1218 suum:
1466 1165 1523 1214 et
1560 1161 1769 1228 propter

313 1249 440 1318 quid
475 1249 669 1304 occidit
705 1247 866 1304 eum?
901 1247 1158 1317 quoniam
1191 1261 1357 1318 opera
1388 1245 1503 1314 ejus
1541 1239 1772 1308 maligna

312 1339 492 1403 erant3
519 1332 697 1388 fratris
721 1338 924 1388 auti-em
950 1332 1083 1402 ejus»,
1104 1331 1267 1403 justa.
1296 1330 1363 1387 V.
1389 1331 1447 1382 Η
1480 1331 1535 1382 et
1559 1327 1645 1381 ⁴2.

379 1419 466 1472 44.
508 1415 610 1484 Qui
635 1431 742 1470 non
766 1413 1173 1487 diligit‚'manet
1195 1414 1249 1469 in
1272 1419 1462 1469 morte.
1489 1411 1553 1466 V.
1579 1408 1667 1464 Η.

380 1504 470 1552 ⁴5.
507 1503 566 1553 ln
581 1501 684 1553 hoo
705 1501 1053 1568 cognovimus
1076 1499 1349 1552 caritatem
1373 1496 1467 1548 Dei
1485 1535 1500 1560 ‚
1522 1490 1773 1562 quoniam

309 1579 398 1636 ilie
419 1580 654 1635 animam
685 1595 838 1634 suam
864 1593 963 1649 pro
986 1578 1142 1633 nobis
1163 1577 1343 1649 posuit
1368 1592 1383 1630 ι
1412 1580 1468 1629 et
1495 1589 1595 1628 nos
1614 1573 1773 1630 debe·

310 1679 430 1719 mus
450 1679 549 1734 pro
573 1662 826 1717 fratribus
853 1661 1061 1716 animas
1084 1676 1303 1732 ponere.
1326 1660 1393 1715 V.
1420 1661 1507 1712 ⁴6.

382 1751 472 1802 46.
507 1745 787 1813 carissimi,
813 1744 856 1800 si
876 1759 970 1800 cor
987 1751 1228 1801 nostrum
1247 1759 1355 1798 non
1372 1739 1776 1813 reprehenderit

311 1845 436 1898 noe,
478 1828 724 1884 fiduciam
772 1829 1034 1885 habemus
1075 1828 1144 1884 ad
1180 1828 1352 1884 Deum
1383 1845 1395 1880 ε
1424 1832 1478 1881 et
1514 1825 1772 1896 quidquid

309 1912 644 1986 petierimuS,
674 1911 996 1984 accipiemus
1023 1909 1093 1969 ab
1120 1929 1217 1984 003
1245 1913 1499 1985 quoniam
1522 1911 1773 1968 mandata

311 1999 425 2070 ejus
446 1997 799 2066 custodimus,
829 2003 888 2052 et
906 2011 970 2052 ea
991 2011 1115 2070 quae
1136 2003 1263 2052 sunt
1276 1996 1475 2070 placita
1486 2011 1666 2054 eoram
1684 2011 1766 2065 oo,

309 2078 551 2137 facimus.
576 2080 642 2135 V.
667 2083 726 2134 2⁴
761 2084 816 2135 et
836 2081 931 2136 22.

381 2166 468 2220 ⁴7.
505 2165 573 2219 Et
595 2163 698 2218 hoc
725 2171 807 2219 est
827 2162 1141 2219 mandatum
1172 2163 1305 2236 ejus,
1330 2169 1392 2219 ut
1414 2163 1697 2221 credamus
1718 2163 1772 2218 in

311 2246 528 2302 nomine
549 2245 666 2302 Filii
691 2247 802 2317 ejus
823 2245 944 2302 lesu
971 2247 1183 2315 Christi,
1212 2253 1267 2302 et
1290 2247 1573 2320 diligamus
1606 2247 1772 2304 alter-

310 2335 519 2397 utrum,
545 2329 682 2382 sicut
705 2327 849 2382 dedit
875 2329 1187 2385 mandatum
1214 2329 1385 2384 nobis,
1416 2331 1481 2386 V.
1506 2333 1596 2387 23.

383 2414 470 2466 48.
509 2411 612 2478 Qui
633 2415 812 2466 servat
835 2412 1091 2468 mandata
1116 2417 1257 2485 ejus,
1286 2414 1343 2468 in
1374 2413 1464 2468 illo
1484 2419 1693 2482 manet,
1719 2421 1775 2470 et

309 2492 509 2566 ipsein
539 2509 602 2549 eo
631 2512 644 2548 :
675 2499 729 2549 et
757 2493 812 2550 in
852 2494 956 2550 hoc
989 2495 1187 2552 scimus
1220 2495 1473 2566 quoniam
1512 2502 1695 2552 manet
1717 2498 1771 2552 in

313 2576 494 2646 nobis,
519 2577 590 2632 da
611 2575 800 2648 spiritu
825 2593 986 2648 quem
1007 2579 1157 2634 dedit
1180 2579 1356 2634 nobis,
1384 2580 1449 2636 V.
1474 2583 1563 2636 24.

383 2666 470 2715 49.
511 2661 572 2714 In
600 2661 702 2716 noc
724 2665 808 2714 est
831 2662 1057 2732 caritas,
1084 2677 1193 2718 non
1220 2663 1373 2734 quasi
1404 2675 1503 2718 nos
1525 2663 1773 2718 dilexeri-
1846 2675 1869 2698 ⁰

307 2755 434 2799 mus
455 2745 622 2798 Deum
637 2785 652 2813 ,
675 2741 771 2798 sed
791 2744 1045 2815 quoniam
1066 2746 1177 2818 ipse
1196 2747 1340 2817 prior
1363 2745 1545 2801 dilexit
1568 2762 1691 2808 nos,
1720 2753 1773 2802 et

309 2826 459 2881 misit
497 2827 684 2882 Filium
725 2839 882 2883 suum
929 2829 1359 2902 propitiationem
1404 2845 1501 2902 pro
1542 2835 1773 2901 peccatis

314 2909 530 2966 nostris.
556 2909 614 2966 C.
634 2925 712 2966 tv.
733 2927 789 2966 v.
817 2914 905 2966 40.
