2034 3234
921 236 1125 316 (85)

359 353 448 408 45.
485 349 718 410 Sollicite
733 367 860 410 cura
885 359 940 410 te
957 354 1132 426 ipsum
1150 349 1480 424 probabilem
1498 347 1747 406 exhibere

287 436 414 502 Deo,
444 437 746 508 operarium
772 436 1231 504 inconfusibilem,
1265 435 1409 491 recte
1430 439 1744 492 tractantem

284 520 510 576 verbum
531 519 787 576 veritatis.
813 519 880 576 V.
909 521 993 574 45.

357 605 443 659 46.
483 603 744 675 Cognovit
764 602 1025 658 Dominus
1043 601 1137 672 qui
1160 606 1287 656 sunt
1306 599 1440 671 ejuS.
1457 600 1525 658 V.
1553 601 1640 656 49.

355 688 446 740 47.
484 685 734 740 Discedat
772 684 840 739 ab
871 684 1155 756 iniquitate
1189 682 1363 740 omnis
1384 679 1476 754 qui
1508 681 1748 740 nominat

289 782 484 823 nomen
509 765 742 822 Domini.
765 767 834 824 V.
863 770 948 821 49.

356 853 444 904 48.
482 849 708 906 Servum
747 849 956 905 Domini
989 866 1097 907 non
1132 856 1343 922 oportet
1376 849 1607 920 litigare,
1650 851 1745 908 sed

237 956 246 964 ⁵
285 940 626 989 mansuetum
648 949 766 990 esse
781 935 850 988 ad
873 948 1081 1004 omnes,
1102 933 1409 1000 docibilem,
1435 938 1744 1004 patientem,

285 1031 408 1070 cum
431 1015 688 1070 modestia
710 1016 1086 1088 corripientem
1110 1031 1205 1072 eos
1226 1016 1317 1086 qui
1340 1015 1592 1072 resistunt
1608 1016 1747 1072 veri·

287 1097 406 1164 tati,
431 1113 498 1153 ne
525 1098 740 1168 quando
766 1100 906 1154 Deus
931 1099 1022 1154 det
1045 1099 1149 1156 illis
1172 1099 1540 1171 poenitentiam
1566 1100 1635 1154 ad
1658 1113 1749 1154 co-

285 1181 646 1250 gnoscendam
687 1181 970 1236 veritatem
989 1221 1004 1250 ,
1044 1188 1098 1238 et
1137 1180 1455 1252 resipiscant
1484 1195 1519 1236 a
1553 1179 1749 1236 diaboli

285 1261 511 1334 laqueis,
538 1262 604 1316 V.
626 1262 720 1330 24,
744 1265 814 1318 25
833 1268 887 1318 et
911 1265 1002 1319 26.

354 1348 440 1401 49.
479 1345 592 1402 Hoc
616 1346 776 1416 scito,
799 1345 946 1418 quod
971 1346 1027 1402 in
1051 1345 1353 1412 novissimis
1381 1345 1571 1404 diebus
1589 1345 1751 1405 insta-

282 1427 422 1484 bunt
443 1435 683 1502 tempora
707 1429 1008 1499 periculosa
1034 1449 1049 1488 z
1076 1437 1239 1488 erunt
1261 1431 1505 1490 homines
1524 1448 1583 1490 se
1606 1430 1749 1506 ipsos

283 1521 558 1580 amantes,
595 1513 805 1583 cupidi,
829 1514 986 1580 elati,
1023 1515 1273 1584 superbi,
1298 1514 1623 1586 blasphemi3
1655 1531 1748 1586 pa·

285 1593 530 1650 rentibus
555 1609 660 1648 non
701 1593 1015 1650 obedientes
1030 1636 1045 1660 ,
1084 1595 1309 1666 ingrati,
1352 1597 1597 1665 scelesti,
1636 1594 1750 1652 sine

285 1678 586 1746 affectione,
607 1677 728 1734 sine
749 1691 900 1748 pace,
917 1676 1311 1745 criminatores,
1337 1677 1745 1745 incontinentes,

285 1761 542 1828 immites,
581 1761 698 1814 sine
723 1758 1087 1829 benignitate,
1128 1759 1455 1829 proditor-ee,
1483 1761 1746 1831 protervi,

287 1843 503 1911 tumidi,
525 1850 580 1902 et
598 1842 936 1914 voluptatum
959 1848 1233 1898 amatores
1254 1848 1422 1916 magis
1448 1845 1609 1916 quam
1632 1843 1745 1912 Dei,

287 1927 546 1984 habentes
575 1927 810 2000 speciem
839 1926 1055 1997 quidem
1089 1927 1299 1998 pietatis
1316 1969 1331 1996 ,
1357 1927 1608 1984 virtutem
1636 1929 1750 2000 ejus

285 2012 610 2082 abnegantes
631 2017 720 2066 :et
732 2010 832 2066 hos
845 2009 1045 2064 devita.
1068 2009 1125 2066 C.
1144 2025 1232 2066 111.
1257 2025 1313 2066 v.
1337 2013 1389 2080 4,
1414 2015 1468 2081 2,
1496 2015 1550 2078 3,
1572 2013 1603 2066 t
1622 2018 1677 2066 et
1694 2014 1746 2066 5.

351 2099 444 2152 20.
480 2095 684 2150 Omnes
726 2093 820 2164 qui
860 2091 950 2163 pie
985 2091 1180 2147 volunt
1223 2091 1409 2147 vivere
1442 2091 1501 2146 in
1542 2089 1750 2148 Christo

284 2177 407 2232 Jesu
431 2176 851 2248 persecutionem
882 2175 1171 2247 patientur.
1196 2174 1263 2231 V.
1290 2178 1379 2230 42.

349 2262 412 2318 24
449 2260 656 2318 .Omnis
673 2259 945 2331 Scriptura
968 2259 1227 2314 divinitus
1239 2256 1497 2330 inspirata
1513 2255 1656 2314 utilis
1667 2263 1747 2314 est

285 2343 354 2398 ad
375 2342 675 2398 docendum
689 2383 706 2411 ,
729 2342 798 2397 ad
821 2340 1157 2404 arguendum
1176 2379 1191 2404 ‚
1223 2339 1291 2393 ad
1314 2338 1740 2408 corripiendum,

287 2425 356 2482 ad
386 2424 744 2482 erudiendum
781 2424 838 2477 in
859 2421 1093 2494 justitia,
1126 2425 1185 2476 ut
1209 2419 1475 2492 pei-iectus
1498 2419 1569 2473 sit
1590 2415 1743 2473 bomo

286 2507 378 2566 Dei
391 2549 408 2578 ,
433 2507 502 2564 ad
523 2523 684 2566 omne
702 2521 842 2578 opus
859 2505 1061 2562 bonum
1082 2505 1391 2561 instructus.
1405 2503 1470 2559 V.
1500 2502 1565 2556 46
1584 2504 1638 2557 et
1653 2499 1734 2560 47.
