2034 3234
951 263 1153 335 (72)

383 379 435 431 6.
473 373 664 444 Neque
686 371 781 443 qui
807 371 1021 444 plantat
1046 378 1129 430 est
1150 372 1373 445 aliquid,
1401 391 1579 448 neque
1600 376 1690 447 qui
1710 376 1777 432 ri·

291 467 438 530 gat3
465 457 559 513 sed
583 455 677 528 qui
701 456 1097 514 incrementum
1122 457 1247 529 dat,
1268 458 1430 514 Deus.
1454 459 1514 514 C.
1542 471 1624 514 ιιι.
1648 476 1701 515 v.
1724 461 1777 515 7.

381 547 436 598 6.
471 539 854 613 Unusquisque
890 543 1163 615 propriam
1203 541 1505 626 mercedem
1552 543 1780 615 accipiet

313 625 609 684 secundum
635 641 798 682 suum
821 625 1080 684 laborem.
1106 627 1175 685 V.
1202 629 1255 682 8.

376 712 431 764 7.
471 707 705 762 Nescitis
727 707 854 778 quia
879 710 1143 804 templum
1164 707 1259 763 Dei
1282 707 1419 764 estis
1433 749 1449 775 ,
1476 713 1535 765 et
1556 707 1781 780 Spiritus

306 789 406 846 Dei
427 787 672 844 habitat
655 803 714 841 m
739 788 932 844 vobis?
956 789 1012 845 Si
1040 791 1163 862 quis
1188 796 1371 848 autem
1400 791 1663 864 templum
1688 790 1781 847 Dei

307 871 622 941 violaverit,
647 870 921 943 disperdet
958 871 1109 926 illum
1138 874 1283 927 Deus
1309 891 1322 925 ε
1356 874 1617 945 templum
1638 874 1781 928 enim

307 955 404 1010 Dei
429 958 676 1009 sanctum
705 959 812 1023 est,
837 953 984 1024 quod
1003 953 1134 1009 estis
1151 967 1271 1009 vos,
1296 953 1363 1010 V.
1394 957 1460 1008 46
1484 959 1541 1008 et
1567 954 1655 1008 47.

380 1044 434 1095 8.
473 1038 615 1093 Nihil
660 1036 792 1093 mihi
833 1038 1081 1093 conscius
1116 1052 1265 1106 sum,
1306 1035 1405 1092 sed
1438 1051 1548 1092 non
1584 1035 1639 1089 in
1662 1035 1783 1090 hoc

305 1119 624 1196 justificatus
645 1135 766 1175 sum
792 1138 806 1174 ι
837 1121 928 1192 qui
951 1125 1135 1176 autem
1154 1119 1363 1190 judicat
1386 1134 1495 1188 me,
1522 1117 1781 1174 Dominus

309 1209 410 1261 est.
443 1203 504 1262 C.
534 1221 611 1261 tv.
639 1221 691 1260 v.
719 1205 770 1260 4.

378 1291 432 1340 9.
471 1285 648 1340 Nolite
672 1293 796 1341 ante
821 1292 1033 1357 tempus
1048 1269 1291 1356 judicare
1316 1285 1666 1356 quoadusque
1689 1296 1780 1339 ve-

307 1365 422 1420 niat
443 1364 720 1429 Dominus»,
751 1365 846 1432 qui
871 1371 925 1419 et
937 1367 1267 1418 illuminabit
1287 1365 1605 1417 abscondita
1624 1369 1783 1416 tene·

305 1449 543 1516 brarum,
567 1450 621 1501 et
641 1443 1004 1500 manifestabit
1020 1444 1247 1500 consilia
1266 1445 1539 1516 cordium3
1567 1450 1623 1500 et
1648 1449 1781 1500 tunc

307 1532 423 1590 laus
443 1531 546 1588 erit
567 1528 864 1612 unicuique
883 1546 914 1586 a
940 1531 1075 1588 Dec.
1098 1527 1168 1587 V.
1197 1529 1251 1583 ὅ.

379 1620 466 1673 40.
507 1614 651 1683 Quid
675 1604 859 1671 autem
889 1611 1063 1669 habes
1086 1611 1233 1686 quod
1268 1625 1381 1668 non
1406 1609 1692 1684 accepisti?
1722 1609 1781 1667 Si

312 1704 493 1756 autem
530 1695 784 1770 accepisti
803 1740 818 1769 ,
853 1696 978 1770 quid
1005 1695 1248 1768 gloriaris
1264 1737 1279 1766 ,
1316 1697 1471 1766 quasi
1493 1710 1602 1751 non
1624 1709 1783 1751 acce-

307 1783 452 1850 peris
466 1781 496 1836 ‘I
521 1779 586 1837 V.
614 1782 668 1835 ’7.

380 1865 468 1916 44.
511 1859 843 1913 Laboramus
894 1867 1184 1929 operantes
1234 1862 1487 1916 manibus
1543 1860 1778 1916 nostris·

306 1939 694 2009 maledicimur,
721 1945 776 1995 et
792 1940 1195 1995 benedicimus·
1180 1981 1195 2010 ,
1216 1942 1653 2025 persecutionem
1676 1955 1783 2012 pa·-

288 2023 488 2095 'timur,
506 2028 562 2082 et
583 2023 946 2082 sustinemus:
977 2009 1435 2096 blasphemamur,
1460 2029 1517 2080 et
1532 2015 1785 2126 obsecra·

305 2123 446 2162 mus,
473 2109 540 2162 V.
565 2109 632 2161 42
657 2111 713 2158 et
735 2109 820 2158 43.

377 2190 465 2243 42.
506 2184 734 2238 Nescitis
755 2182 884 2252 quia
910 2182 1079 2252 iniqui
1103 2199 1329 2253 regnum
1358 2187 1455 2240 Dei
1478 2196 1587 2240 non
1610 2184 1783 2256 possi-

303 2265 546 2324 debunt?
567 2248 757 2338 Neque
773 2263 1060 2335 fornicarii,
1086 2279 1266 2338 neque
1281 2265 1443 2324 idolis
1458 2269 1778 2342 servienteS,

304 2367 482 2425 neque
507 2350 761 2422 adulteri,
783 2365 962 2423 neque
984 2349 1194 2422 molles,
1215 2367 1396 2423 neque
1407 2352 1575 2424 funes,
1600 2367 1783 2424 neque

290 2436 475 2508 avari,
494 2449 672 2507 neque
693 2434 908 2504 ebriosi,
927 2449 1104 2505 neque
1120 2436 1387 2506 maledici,
1425 2451 1603 2509 neque
1620 2449 1785 2511 rapa-

303 2532 396 2572 ces
420 2531 644 2586 regnum
669 2517 763 2572 Dei
785 2513 1157 2588 possidebunt.
1182 2511 1243 2576 ci
1266 2535 1343 2576 vr.
1366 2535 1419 2576 v.
1447 2523 1547 2574 9et
1570 2525 1658 2574 40.
1738 2558 1746 2566 .

377 2602 467 2656 43.
503 2598 738 2656 Nescitis
765 2599 1023 2673 quoniam
1063 2593 1289 2675 corpora
1318 2597 1498 2660 vestra
1526 2601 1781 2662 membra

305 2687 436 2738 sunt
457 2680 684 2739 Christi?
711 2681 793 2739 An
817 2684 1035 2741 nescitis
1058 2685 1312 2757 quoniam
1326 2684 1577 2742 ‘membra
1592 2691 1780 2744 vestra

303 2765 564 2836 templum
605 2771 736 2822 sunt
774 2765 1004 2836 Spiritus
1035 2767 1219 2826 Sancti
1239 2811 1253 2840 ,
1280 2769 1458 2840 quiin
1481 2763 1635 2828 vobis
1652 2763 1772 2836 est,

307 2859 464 2916 quem
499 2843 710 2904 habetis
732 2863 764 2905 a
787 2848 929 2923 Deo,
961 2857 1015 2908 et
1049 2865 1157 2908 non
1196 2853 1327 2910 estis
1352 2853 1553 2913 vestii?
1580 2851 1779 2923 ‘Empti
