<?xml version="1.0" encoding="UTF-8"?>
<!DOCTYPE html PUBLIC "-//W3C//DTD XHTML 1.0 Transitional//EN"
    "http://www.w3.org/TR/xhtml1/DTD/xhtml1-transitional.dtd">
<html xmlns="http://www.w3.org/1999/xhtml" xml:lang="en" lang="en">
 <head>
  <title>
</title>
<meta http-equiv="Content-Type" content="text/html;charset=utf-8" />
  <meta name='ocr-system' content='tesseract 3.04.00' />
  <meta name='ocr-capabilities' content='ocr_page ocr_carea ocr_par ocr_line ocrx_word'/>
</head>
<body>
  <div class='ocr_page' id='page_1' title='image "./maximestiresdel00rollgoog/maximestiresdel00rollgoog_0026.png"; bbox 0 0 2034 3234; ppageno 0'>
   <div class='ocr_carea' id='block_1_1' title="bbox 905 261 1107 332">
    <p class='ocr_par' dir='ltr' id='par_1_1' title="bbox 905 261 1107 332">
     <span class='ocr_line' id='line_1_1' title="bbox 905 261 1107 332; baseline 0.02 -4"><span class='ocrx_word' id='word_1_1' title='bbox 905 261 1107 332; x_wconf 83' lang='lat'><strong>(16)</strong></span> 
     </span>
    </p>
   </div>
   <div class='ocr_carea' id='block_1_2' title="bbox 268 373 1773 2807">
    <p class='ocr_par' dir='ltr' id='par_1_2' title="bbox 271 373 1737 526">
     <span class='ocr_line' id='line_1_2' title="bbox 337 373 1737 451; baseline 0.004 -20"><span class='ocrx_word' id='word_1_2' title='bbox 337 376 462 431; x_wconf 85' lang='grc'><strong>476.</strong></span> <span class='ocrx_word' id='word_1_3' title='bbox 499 373 698 430; x_wconf 78' lang='lat' dir='ltr'><strong>Facere</strong></span> <span class='ocrx_word' id='word_1_4' title='bbox 733 373 1152 430; x_wconf 81' lang='lat' dir='ltr'><strong>misericordiam</strong></span> <span class='ocrx_word' id='word_1_5' title='bbox 1188 378 1245 428; x_wconf 88' lang='lat' dir='ltr'><strong>et</strong></span> <span class='ocrx_word' id='word_1_6' title='bbox 1273 374 1533 446; x_wconf 85' lang='lat' dir='ltr'><strong>judicium</strong></span> <span class='ocrx_word' id='word_1_7' title='bbox 1570 382 1737 451; x_wconf 58' lang='lat' dir='ltr'><strong>maffia</strong></span> 
     </span>
     <span class='ocr_line' id='line_1_3' title="bbox 271 455 1339 526; baseline 0.001 -14"><span class='ocrx_word' id='word_1_8' title='bbox 271 456 451 526; x_wconf 87' lang='lat' dir='ltr'><strong>placet</strong></span> <span class='ocrx_word' id='word_1_9' title='bbox 471 455 699 512; x_wconf 84' lang='lat' dir='ltr'><strong>Domino</strong></span> <span class='ocrx_word' id='word_1_10' title='bbox 725 455 888 525; x_wconf 70' lang='lat' dir='ltr'><strong>quam</strong></span> <span class='ocrx_word' id='word_1_11' title='bbox 910 455 1163 512; x_wconf 84' lang='lat' dir='ltr'><strong>victimae.</strong></span> <span class='ocrx_word' id='word_1_12' title='bbox 1192 457 1257 511; x_wconf 88' lang='lat' dir='ltr'><strong>V.</strong></span> <span class='ocrx_word' id='word_1_13' title='bbox 1286 460 1339 513; x_wconf 85' lang='lat'><strong>3.</strong></span> 
     </span>
    </p>

    <p class='ocr_par' dir='ltr' id='par_1_3' title="bbox 271 537 1773 692">
     <span class='ocr_line' id='line_1_4' title="bbox 341 537 1738 613; baseline 0.004 -20"><span class='ocrx_word' id='word_1_14' title='bbox 341 538 466 593; x_wconf 88' lang='grc'><strong>477.</strong></span> <span class='ocrx_word' id='word_1_15' title='bbox 509 537 733 610; x_wconf 82' lang='lat' dir='ltr'><strong>Rapinae</strong></span> <span class='ocrx_word' id='word_1_16' title='bbox 784 539 1067 610; x_wconf 82' lang='lat' dir='ltr'><strong>impiorum</strong></span> <span class='ocrx_word' id='word_1_17' title='bbox 1104 539 1393 596; x_wconf 82' lang='lat' dir='ltr'><strong>detrahent</strong></span> <span class='ocrx_word' id='word_1_18' title='bbox 1432 554 1527 596; x_wconf 86' lang='lat' dir='ltr'><strong>eos</strong></span> <span class='ocrx_word' id='word_1_19' title='bbox 1544 583 1559 612; x_wconf 87' lang='lat'>,</span> <span class='ocrx_word' id='word_1_20' title='bbox 1608 543 1738 613; x_wconf 74' lang='lat' dir='ltr'><strong>quia</strong></span> 
     </span>
     <span class='ocr_line' id='line_1_5' title="bbox 271 619 1773 692; baseline 0.003 -18"><span class='ocrx_word' id='word_1_21' title='bbox 271 619 562 676; x_wconf 84' lang='lat' dir='ltr'><strong>noluerunt</strong></span> <span class='ocrx_word' id='word_1_22' title='bbox 590 621 1065 692; x_wconf 84' lang='lat' dir='ltr'><strong>facerejudicium.</strong></span> <span class='ocrx_word' id='word_1_23' title='bbox 1088 622 1155 679; x_wconf 92' lang='lat' dir='ltr'><strong>V.</strong></span> <span class='ocrx_word' id='word_1_24' title='bbox 1178 622 1235 676; x_wconf 88' lang='grc'><strong>7.</strong></span> <span class='ocrx_word' id='word_1_25' title='bbox 1766 672 1773 678; x_wconf 86' lang='grc'><strong>.</strong></span> 
     </span>
    </p>

    <p class='ocr_par' dir='ltr' id='par_1_4' title="bbox 269 701 1771 851">
     <span class='ocr_line' id='line_1_6' title="bbox 343 701 1737 775; baseline 0.005 -20"><span class='ocrx_word' id='word_1_26' title='bbox 343 704 466 756; x_wconf 87' lang='grc'><strong>478.</strong></span> <span class='ocrx_word' id='word_1_27' title='bbox 505 703 738 758; x_wconf 80' lang='lat' dir='ltr'><strong>Anima</strong></span> <span class='ocrx_word' id='word_1_28' title='bbox 724 703 873 774; x_wconf 80' lang='lat' dir='ltr'><strong>impii</strong></span> <span class='ocrx_word' id='word_1_29' title='bbox 891 701 1164 758; x_wconf 76' lang='lat' dir='ltr'>desiderat</span> <span class='ocrx_word' id='word_1_30' title='bbox 1184 703 1416 775; x_wconf 79' lang='lat' dir='ltr'><strong>malum3</strong></span> <span class='ocrx_word' id='word_1_31' title='bbox 1444 719 1551 760; x_wconf 87' lang='lat' dir='ltr'><strong>non</strong></span> <span class='ocrx_word' id='word_1_32' title='bbox 1574 705 1737 762; x_wconf 82' lang='lat' dir='ltr'><strong>mise-</strong></span> 
     </span>
     <span class='ocr_line' id='line_1_7' title="bbox 269 781 1771 851; baseline 0 -15"><span class='ocrx_word' id='word_1_33' title='bbox 269 781 474 836; x_wconf 82' lang='lat' dir='ltr'><strong>rebitur</strong></span> <span class='ocrx_word' id='word_1_34' title='bbox 495 782 734 851; x_wconf 85' lang='lat' dir='ltr'><strong>proximo</strong></span> <span class='ocrx_word' id='word_1_35' title='bbox 755 796 870 834; x_wconf 86' lang='lat' dir='ltr'><strong>suo.</strong></span> <span class='ocrx_word' id='word_1_36' title='bbox 902 781 968 838; x_wconf 88' lang='lat' dir='ltr'><strong>V.</strong></span> <span class='ocrx_word' id='word_1_37' title='bbox 999 786 1084 837; x_wconf 93' lang='grc'><strong>40.</strong></span> <span class='ocrx_word' id='word_1_38' title='bbox 1764 833 1771 842; x_wconf 86' lang='grc'><strong>,</strong></span> 
     </span>
    </p>

    <p class='ocr_par' dir='ltr' id='par_1_5' title="bbox 268 863 1739 1015">
     <span class='ocr_line' id='line_1_8' title="bbox 341 863 1739 931; baseline 0.004 -15"><span class='ocrx_word' id='word_1_39' title='bbox 341 865 462 918; x_wconf 86' lang='grc'><strong>479.</strong></span> <span class='ocrx_word' id='word_1_40' title='bbox 501 863 610 931; x_wconf 88' lang='lat' dir='ltr'><strong>Qui</strong></span> <span class='ocrx_word' id='word_1_41' title='bbox 645 863 862 918; x_wconf 80' lang='lat' dir='ltr'><strong>obturat</strong></span> <span class='ocrx_word' id='word_1_42' title='bbox 897 877 1083 918; x_wconf 85' lang='lat' dir='ltr'><strong>aurem</strong></span> <span class='ocrx_word' id='word_1_43' title='bbox 1117 879 1273 920; x_wconf 82' lang='lat' dir='ltr'><strong>suam</strong></span> <span class='ocrx_word' id='word_1_44' title='bbox 1324 865 1397 920; x_wconf 83' lang='lat' dir='ltr'><strong>ad</strong></span> <span class='ocrx_word' id='word_1_45' title='bbox 1449 866 1739 922; x_wconf 87' lang='lat' dir='ltr'><strong>clamorem</strong></span> 
     </span>
     <span class='ocr_line' id='line_1_9' title="bbox 268 943 1735 1015; baseline 0.005 -17"><span class='ocrx_word' id='word_1_46' title='bbox 268 945 552 1015; x_wconf 77' lang='lat' dir='ltr'><strong>pauperiS‚</strong></span> <span class='ocrx_word' id='word_1_47' title='bbox 591 952 650 1001; x_wconf 88' lang='lat' dir='ltr'><strong>et</strong></span> <span class='ocrx_word' id='word_1_48' title='bbox 689 945 806 1015; x_wconf 83' lang='lat' dir='ltr'><strong>ipse</strong></span> <span class='ocrx_word' id='word_1_49' title='bbox 847 943 1129 1015; x_wconf 85' lang='lat' dir='ltr'><strong>clamabit,</strong></span> <span class='ocrx_word' id='word_1_50' title='bbox 1178 950 1235 1002; x_wconf 88' lang='lat' dir='ltr'><strong>et</strong></span> <span class='ocrx_word' id='word_1_51' title='bbox 1268 961 1377 1002; x_wconf 87' lang='lat' dir='ltr'><strong>non</strong></span> <span class='ocrx_word' id='word_1_52' title='bbox 1400 948 1735 1005; x_wconf 80' lang='lat' dir='ltr'><strong>exaudietur.</strong></span> 
     </span>
    </p>

    <p class='ocr_par' dir='ltr' id='par_1_6' title="bbox 271 1106 1739 1266">
     <span class='ocr_line' id='line_1_10' title="bbox 341 1106 1739 1182; baseline 0.003 -20"><span class='ocrx_word' id='word_1_53' title='bbox 341 1111 464 1164; x_wconf 86' lang='grc'><strong>480.</strong></span> <span class='ocrx_word' id='word_1_54' title='bbox 502 1106 608 1175; x_wconf 82' lang='lat' dir='ltr'><strong>Qui</strong></span> <span class='ocrx_word' id='word_1_55' title='bbox 651 1109 822 1181; x_wconf 83' lang='lat' dir='ltr'><strong>diligit</strong></span> <span class='ocrx_word' id='word_1_56' title='bbox 863 1109 1053 1182; x_wconf 82' lang='lat' dir='ltr'>epulas</span> <span class='ocrx_word' id='word_1_57' title='bbox 1090 1109 1146 1164; x_wconf 90' lang='lat' dir='ltr'><strong>in</strong></span> <span class='ocrx_word' id='word_1_58' title='bbox 1198 1118 1433 1182; x_wconf 82' lang='lat' dir='ltr'><strong>egestate</strong></span> <span class='ocrx_word' id='word_1_59' title='bbox 1468 1111 1605 1181; x_wconf 83' lang='lat' dir='ltr'><strong>erit;</strong></span> <span class='ocrx_word' id='word_1_60' title='bbox 1644 1111 1739 1182; x_wconf 85' lang='lat' dir='ltr'><strong>qui</strong></span> 
     </span>
     <span class='ocr_line' id='line_1_11' title="bbox 271 1192 1637 1266; baseline 0.001 -20"><span class='ocrx_word' id='word_1_61' title='bbox 271 1197 422 1247; x_wconf 85' lang='lat' dir='ltr'><strong>amat</strong></span> <span class='ocrx_word' id='word_1_62' title='bbox 461 1192 650 1248; x_wconf 88' lang='lat' dir='ltr'><strong>vinum</strong></span> <span class='ocrx_word' id='word_1_63' title='bbox 679 1198 734 1248; x_wconf 89' lang='lat' dir='ltr'><strong>et</strong></span> <span class='ocrx_word' id='word_1_64' title='bbox 756 1193 977 1266; x_wconf 83' lang='lat' dir='ltr'><strong>pinguia</strong></span> <span class='ocrx_word' id='word_1_65' title='bbox 1010 1209 1120 1249; x_wconf 89' lang='lat' dir='ltr'><strong>non</strong></span> <span class='ocrx_word' id='word_1_66' title='bbox 1146 1193 1426 1253; x_wconf 84' lang='lat' dir='ltr'><strong>ditabitur.</strong></span> <span class='ocrx_word' id='word_1_67' title='bbox 1452 1194 1519 1249; x_wconf 97' lang='lat' dir='ltr'><strong>V.</strong></span> <span class='ocrx_word' id='word_1_68' title='bbox 1550 1193 1637 1248; x_wconf 88' lang='grc'><strong>47.</strong></span> 
     </span>
    </p>

    <p class='ocr_par' dir='ltr' id='par_1_7' title="bbox 273 1275 1738 1421">
     <span class='ocr_line' id='line_1_12' title="bbox 347 1275 1738 1345; baseline 0.002 -20"><span class='ocrx_word' id='word_1_69' title='bbox 347 1278 473 1326; x_wconf 91' lang='grc'><strong>484.</strong></span> <span class='ocrx_word' id='word_1_70' title='bbox 513 1275 618 1338; x_wconf 84' lang='lat' dir='ltr'><strong>Qui</strong></span> <span class='ocrx_word' id='word_1_71' title='bbox 643 1276 886 1341; x_wconf 84' lang='lat' dir='ltr'><strong>sequitur</strong></span> <span class='ocrx_word' id='word_1_72' title='bbox 908 1275 1177 1345; x_wconf 82' lang='lat' dir='ltr'><strong>justitiam</strong></span> <span class='ocrx_word' id='word_1_73' title='bbox 1210 1283 1266 1330; x_wconf 87' lang='lat' dir='ltr'><strong>et</strong></span> <span class='ocrx_word' id='word_1_74' title='bbox 1289 1275 1705 1332; x_wconf 85' lang='lat' dir='ltr'><strong>misericordiam</strong></span> <span class='ocrx_word' id='word_1_75' title='bbox 1724 1313 1738 1341; x_wconf 86' lang='lat'>,</span> 
     </span>
     <span class='ocr_line' id='line_1_13' title="bbox 273 1351 1530 1421; baseline 0.002 -17"><span class='ocrx_word' id='word_1_76' title='bbox 273 1351 479 1406; x_wconf 81' lang='lat' dir='ltr'><strong>invenit</strong></span> <span class='ocrx_word' id='word_1_77' title='bbox 503 1351 672 1404; x_wconf 82' lang='lat' dir='ltr'><strong>vitam</strong></span> <span class='ocrx_word' id='word_1_78' title='bbox 689 1391 704 1417; x_wconf 92' lang='lat'>‚</span> <span class='ocrx_word' id='word_1_79' title='bbox 729 1354 994 1418; x_wconf 76' lang='lat' dir='ltr'><strong>justitiam</strong></span> <span class='ocrx_word' id='word_1_80' title='bbox 1015 1360 1071 1404; x_wconf 91' lang='lat' dir='ltr'><strong>et</strong></span> <span class='ocrx_word' id='word_1_81' title='bbox 1092 1355 1335 1421; x_wconf 83' lang='lat' dir='ltr'><strong>gloriam.</strong></span> <span class='ocrx_word' id='word_1_82' title='bbox 1352 1356 1417 1406; x_wconf 87' lang='lat' dir='ltr'><strong>V.</strong></span> <span class='ocrx_word' id='word_1_83' title='bbox 1444 1357 1501 1408; x_wconf 78' lang='grc'><strong>24</strong></span> <span class='ocrx_word' id='word_1_84' title='bbox 1517 1395 1530 1406; x_wconf 95' lang='grc'><strong>.</strong></span> 
     </span>
    </p>

    <p class='ocr_par' dir='ltr' id='par_1_8' title="bbox 273 1430 1735 1583">
     <span class='ocr_line' id='line_1_14' title="bbox 343 1430 1735 1501; baseline 0.004 -18"><span class='ocrx_word' id='word_1_85' title='bbox 343 1433 487 1487; x_wconf 79' lang='grc'><strong>482.’</strong></span> <span class='ocrx_word' id='word_1_86' title='bbox 521 1430 624 1498; x_wconf 90' lang='lat' dir='ltr'><strong>Qui</strong></span> <span class='ocrx_word' id='word_1_87' title='bbox 657 1431 894 1486; x_wconf 80' lang='lat' dir='ltr'><strong>custodit</strong></span> <span class='ocrx_word' id='word_1_88' title='bbox 931 1446 992 1487; x_wconf 89' lang='lat' dir='ltr'><strong>os</strong></span> <span class='ocrx_word' id='word_1_89' title='bbox 1032 1447 1190 1486; x_wconf 87' lang='lat' dir='ltr'><strong>suum</strong></span> <span class='ocrx_word' id='word_1_90' title='bbox 1218 1437 1277 1486; x_wconf 85' lang='lat' dir='ltr'><strong>et</strong></span> <span class='ocrx_word' id='word_1_91' title='bbox 1306 1433 1541 1501; x_wconf 83' lang='lat' dir='ltr'><strong>linguam</strong></span> <span class='ocrx_word' id='word_1_92' title='bbox 1563 1448 1735 1500; x_wconf 82' lang='lat' dir='ltr'><strong>suam,</strong></span> 
     </span>
     <span class='ocr_line' id='line_1_15' title="bbox 273 1512 1562 1583; baseline 0.002 -17"><span class='ocrx_word' id='word_1_93' title='bbox 273 1512 508 1568; x_wconf 82' lang='lat' dir='ltr'><strong>custodit</strong></span> <span class='ocrx_word' id='word_1_94' title='bbox 535 1513 606 1568; x_wconf 85' lang='lat' dir='ltr'><strong>ab</strong></span> <span class='ocrx_word' id='word_1_95' title='bbox 635 1513 896 1583; x_wconf 81' lang='lat' dir='ltr'><strong>angustiis</strong></span> <span class='ocrx_word' id='word_1_96' title='bbox 919 1514 1157 1568; x_wconf 87' lang='lat' dir='ltr'><strong>animam</strong></span> <span class='ocrx_word' id='word_1_97' title='bbox 1182 1527 1355 1568; x_wconf 79' lang='lat' dir='ltr'><strong>suam.</strong></span> <span class='ocrx_word' id='word_1_98' title='bbox 1380 1514 1451 1569; x_wconf 69' lang='lat' dir='ltr'><strong>V.</strong></span> <span class='ocrx_word' id='word_1_99' title='bbox 1475 1517 1562 1572; x_wconf 78' lang='lat'><strong>23.</strong></span> 
     </span>
    </p>

    <p class='ocr_par' dir='ltr' id='par_1_9' title="bbox 273 1595 1741 1738">
     <span class='ocr_line' id='line_1_16' title="bbox 343 1595 1741 1668; baseline 0.005 -21"><span class='ocrx_word' id='word_1_100' title='bbox 343 1598 465 1649; x_wconf 87' lang='grc'><strong>483.</strong></span> <span class='ocrx_word' id='word_1_101' title='bbox 529 1595 730 1652; x_wconf 82' lang='lat' dir='ltr'><strong>Hostiae</strong></span> <span class='ocrx_word' id='word_1_102' title='bbox 783 1596 1075 1668; x_wconf 90' lang='lat' dir='ltr'><strong>impiorum</strong></span> <span class='ocrx_word' id='word_1_103' title='bbox 1124 1596 1513 1654; x_wconf 84' lang='lat' dir='ltr'><strong>abominabiles</strong></span> <span class='ocrx_word' id='word_1_104' title='bbox 1546 1639 1559 1665; x_wconf 92' lang='lat'>‚</span> <span class='ocrx_word' id='word_1_105' title='bbox 1612 1596 1741 1668; x_wconf 82' lang='lat' dir='ltr'><strong>quia</strong></span> 
     </span>
     <span class='ocr_line' id='line_1_17' title="bbox 273 1677 1106 1738; baseline 0.002 -4"><span class='ocrx_word' id='word_1_106' title='bbox 273 1677 568 1734; x_wconf 75' lang='lat' dir='ltr'><strong>offeruntur</strong></span> <span class='ocrx_word' id='word_1_107' title='bbox 591 1695 654 1734; x_wconf 85' lang='lat' dir='ltr'><strong>ex</strong></span> <span class='ocrx_word' id='word_1_108' title='bbox 677 1680 897 1736; x_wconf 84' lang='lat' dir='ltr'><strong>scelere.</strong></span> <span class='ocrx_word' id='word_1_109' title='bbox 925 1681 990 1738; x_wconf 91' lang='lat' dir='ltr'><strong>V.</strong></span> <span class='ocrx_word' id='word_1_110' title='bbox 1016 1682 1106 1737; x_wconf 78' lang='lat'><strong>27.</strong></span> 
     </span>
    </p>

    <p class='ocr_par' dir='ltr' id='par_1_10' title="bbox 271 1759 1741 1901">
     <span class='ocr_line' id='line_1_18' title="bbox 341 1759 1741 1838; baseline -0.005 -17"><span class='ocrx_word' id='word_1_111' title='bbox 341 1767 465 1822; x_wconf 64' lang='grc'><strong>484.</strong></span> <span class='ocrx_word' id='word_1_112' title='bbox 505 1766 624 1822; x_wconf 87' lang='lat' dir='ltr'><strong>Non</strong></span> <span class='ocrx_word' id='word_1_113' title='bbox 645 1772 732 1824; x_wconf 83' lang='lat' dir='ltr'><strong>est</strong></span> <span class='ocrx_word' id='word_1_114' title='bbox 752 1767 1045 1838; x_wconf 82' lang='lat' dir='ltr'><strong>sapientia,</strong></span> <span class='ocrx_word' id='word_1_115' title='bbox 1074 1781 1183 1822; x_wconf 87' lang='lat' dir='ltr'><strong>non</strong></span> <span class='ocrx_word' id='word_1_116' title='bbox 1204 1768 1285 1820; x_wconf 86' lang='lat' dir='ltr'><strong>est</strong></span> <span class='ocrx_word' id='word_1_117' title='bbox 1302 1759 1606 1835; x_wconf 84' lang='lat' dir='ltr'><strong>prudentia,</strong></span> <span class='ocrx_word' id='word_1_118' title='bbox 1633 1775 1741 1816; x_wconf 88' lang='lat' dir='ltr'><strong>non</strong></span> 
     </span>
     <span class='ocr_line' id='line_1_19' title="bbox 271 1847 1428 1901; baseline 0 -3"><span class='ocrx_word' id='word_1_119' title='bbox 271 1850 352 1898; x_wconf 77' lang='lat' dir='ltr'><strong>est</strong></span> <span class='ocrx_word' id='word_1_120' title='bbox 373 1847 660 1900; x_wconf 85' lang='lat' dir='ltr'><strong>consilium</strong></span> <span class='ocrx_word' id='word_1_121' title='bbox 681 1853 874 1898; x_wconf 81' lang='lat' dir='ltr'><strong>contra</strong></span> <span class='ocrx_word' id='word_1_122' title='bbox 895 1848 1205 1898; x_wconf 85' lang='lat' dir='ltr'><strong>Dominum.</strong></span> <span class='ocrx_word' id='word_1_123' title='bbox 1242 1847 1311 1901; x_wconf 88' lang='lat' dir='ltr'><strong>V.</strong></span> <span class='ocrx_word' id='word_1_124' title='bbox 1340 1850 1428 1899; x_wconf 88' lang='grc'><strong>30.</strong></span> 
     </span>
    </p>

    <p class='ocr_par' dir='ltr' id='par_1_11' title="bbox 275 1920 1743 2061">
     <span class='ocr_line' id='line_1_20' title="bbox 343 1920 1743 1992; baseline 0.001 -14"><span class='ocrx_word' id='word_1_125' title='bbox 343 1928 366 1978; x_wconf 92' lang='grc'><strong>4</strong></span> <span class='ocrx_word' id='word_1_126' title='bbox 380 1925 466 1976; x_wconf 77' lang='grc'><strong>85.</strong></span> <span class='ocrx_word' id='word_1_127' title='bbox 505 1923 689 1990; x_wconf 87' lang='lat' dir='ltr'><strong>Equus</strong></span> <span class='ocrx_word' id='word_1_128' title='bbox 733 1926 956 1992; x_wconf 84' lang='lat' dir='ltr'><strong>paratur</strong></span> <span class='ocrx_word' id='word_1_129' title='bbox 993 1921 1063 1976; x_wconf 87' lang='lat' dir='ltr'><strong>ad</strong></span> <span class='ocrx_word' id='word_1_130' title='bbox 1095 1921 1241 1974; x_wconf 87' lang='lat' dir='ltr'><strong>diem</strong></span> <span class='ocrx_word' id='word_1_131' title='bbox 1282 1920 1447 1973; x_wconf 82' lang='lat' dir='ltr'><strong>belli:</strong></span> <span class='ocrx_word' id='word_1_132' title='bbox 1488 1922 1743 1980; x_wconf 83' lang='lat' dir='ltr'><strong>Dominus</strong></span> 
     </span>
     <span class='ocr_line' id='line_1_21' title="bbox 275 2001 1143 2061; baseline -0.007 0"><span class='ocrx_word' id='word_1_133' title='bbox 275 2009 455 2061; x_wconf 88' lang='lat' dir='ltr'><strong>autem</strong></span> <span class='ocrx_word' id='word_1_134' title='bbox 477 2004 706 2060; x_wconf 83' lang='lat' dir='ltr'><strong>salutem</strong></span> <span class='ocrx_word' id='word_1_135' title='bbox 727 2001 932 2058; x_wconf 80' lang='lat' dir='ltr'><strong>tribuit.</strong></span> <span class='ocrx_word' id='word_1_136' title='bbox 957 2003 1027 2056; x_wconf 92' lang='lat' dir='ltr'><strong>V.</strong></span> <span class='ocrx_word' id='word_1_137' title='bbox 1052 2003 1143 2055; x_wconf 86' lang='grc'><strong>34.</strong></span> 
     </span>
    </p>

    <p class='ocr_par' dir='ltr' id='par_1_12' title="bbox 273 2081 1745 2402">
     <span class='ocr_line' id='line_1_22' title="bbox 343 2081 1745 2151; baseline -0.001 -9"><span class='ocrx_word' id='word_1_138' title='bbox 343 2091 467 2142; x_wconf 83' lang='grc'><strong>486.</strong></span> <span class='ocrx_word' id='word_1_139' title='bbox 507 2086 696 2143; x_wconf 85' lang='lat' dir='ltr'><strong>Melius</strong></span> <span class='ocrx_word' id='word_1_140' title='bbox 730 2091 814 2142; x_wconf 86' lang='lat' dir='ltr'><strong>est</strong></span> <span class='ocrx_word' id='word_1_141' title='bbox 853 2100 1050 2142; x_wconf 89' lang='lat' dir='ltr'><strong>nomen</strong></span> <span class='ocrx_word' id='word_1_142' title='bbox 1093 2083 1296 2140; x_wconf 87' lang='lat' dir='ltr'><strong>bonum</strong></span> <span class='ocrx_word' id='word_1_143' title='bbox 1332 2082 1507 2151; x_wconf 55' lang='lat' dir='ltr'><strong>quam⁴</strong></span> <span class='ocrx_word' id='word_1_144' title='bbox 1542 2081 1745 2140; x_wconf 81' lang='lat' dir='ltr'><strong>divitiae</strong></span> 
     </span>
     <span class='ocr_line' id='line_1_23' title="bbox 273 2167 912 2222; baseline -0.008 0"><span class='ocrx_word' id='word_1_145' title='bbox 273 2167 477 2222; x_wconf 83' lang='lat' dir='ltr'><strong>multae.</strong></span> <span class='ocrx_word' id='word_1_146' title='bbox 511 2167 570 2221; x_wconf 87' lang='lat' dir='ltr'><strong>C.</strong></span> <span class='ocrx_word' id='word_1_147' title='bbox 597 2181 732 2219; x_wconf 85' lang='lat' dir='ltr'><strong>xxn.</strong></span> <span class='ocrx_word' id='word_1_148' title='bbox 771 2181 826 2221; x_wconf 81' lang='lat' dir='ltr'><strong>v.</strong></span> <span class='ocrx_word' id='word_1_149' title='bbox 860 2169 912 2217; x_wconf 91' lang='grc'><strong>4.</strong></span> 
     </span>
     <span class='ocr_line' id='line_1_24' title="bbox 303 2244 1735 2314; baseline 0.003 -14"><span class='ocrx_word' id='word_1_150' title='bbox 303 2281 316 2290; x_wconf 89' lang='lat'>-</span> <span class='ocrx_word' id='word_1_151' title='bbox 345 2252 468 2302; x_wconf 81' lang='grc'><strong>487.</strong></span> <span class='ocrx_word' id='word_1_152' title='bbox 507 2245 743 2302; x_wconf 79' lang='lat' dir='ltr'><strong>Callidus</strong></span> <span class='ocrx_word' id='word_1_153' title='bbox 782 2245 921 2300; x_wconf 82' lang='lat' dir='ltr'><strong>vidit</strong></span> <span class='ocrx_word' id='word_1_154' title='bbox 957 2245 1195 2314; x_wconf 85' lang='lat' dir='ltr'><strong>malum,</strong></span> <span class='ocrx_word' id='word_1_155' title='bbox 1226 2250 1282 2300; x_wconf 87' lang='lat' dir='ltr'><strong>et</strong></span> <span class='ocrx_word' id='word_1_156' title='bbox 1316 2244 1599 2302; x_wconf 79' lang='lat' dir='ltr'><strong>abscondit</strong></span> <span class='ocrx_word' id='word_1_157' title='bbox 1636 2263 1735 2304; x_wconf 86' lang='lat' dir='ltr'><strong>se:</strong></span> 
     </span>
     <span class='ocr_line' id='line_1_25' title="bbox 274 2327 1735 2402; baseline 0 -18"><span class='ocrx_word' id='word_1_158' title='bbox 274 2331 539 2396; x_wconf 77' lang='lat' dir='ltr'><strong>innocens</strong></span> <span class='ocrx_word' id='word_1_159' title='bbox 557 2328 896 2402; x_wconf 79' lang='lat' dir='ltr'><strong>pertransiit,</strong></span> <span class='ocrx_word' id='word_1_160' title='bbox 919 2333 976 2384; x_wconf 87' lang='lat' dir='ltr'><strong>et</strong></span> <span class='ocrx_word' id='word_1_161' title='bbox 997 2327 1231 2384; x_wconf 82' lang='lat' dir='ltr'><strong>afflictus</strong></span> <span class='ocrx_word' id='word_1_162' title='bbox 1258 2331 1341 2384; x_wconf 86' lang='lat' dir='ltr'><strong>est</strong></span> <span class='ocrx_word' id='word_1_163' title='bbox 1358 2327 1576 2382; x_wconf 88' lang='lat' dir='ltr'><strong>damno.</strong></span> <span class='ocrx_word' id='word_1_164' title='bbox 1591 2327 1655 2384; x_wconf 92' lang='lat' dir='ltr'><strong>V.</strong></span> <span class='ocrx_word' id='word_1_165' title='bbox 1685 2331 1735 2384; x_wconf 87' lang='lat'><strong>3.</strong></span> 
     </span>
    </p>

    <p class='ocr_par' dir='ltr' id='par_1_13' title="bbox 273 2411 1753 2560">
     <span class='ocr_line' id='line_1_26' title="bbox 345 2411 1741 2483; baseline 0 -17"><span class='ocrx_word' id='word_1_166' title='bbox 345 2415 468 2468; x_wconf 84' lang='grc'><strong>488.</strong></span> <span class='ocrx_word' id='word_1_167' title='bbox 499 2411 830 2470; x_wconf 78' lang='lat' dir='ltr'><strong>Adolescens</strong></span> <span class='ocrx_word' id='word_1_168' title='bbox 847 2414 1002 2483; x_wconf 76' lang='lat' dir='ltr'><strong>juxta</strong></span> <span class='ocrx_word' id='word_1_169' title='bbox 1024 2411 1169 2468; x_wconf 80' lang='lat' dir='ltr'><strong>viam</strong></span> <span class='ocrx_word' id='word_1_170' title='bbox 1186 2426 1371 2482; x_wconf 80' lang='lat' dir='ltr'><strong>suam3</strong></span> <span class='ocrx_word' id='word_1_171' title='bbox 1396 2411 1554 2468; x_wconf 82' lang='lat' dir='ltr'><strong>etiam</strong></span> <span class='ocrx_word' id='word_1_172' title='bbox 1574 2426 1741 2474; x_wconf 74' lang='lat' dir='ltr'><strong>quum</strong></span> 
     </span>
     <span class='ocr_line' id='line_1_27' title="bbox 273 2493 1753 2560; baseline -0.004 -10"><span class='ocrx_word' id='word_1_173' title='bbox 273 2498 515 2550; x_wconf 83' lang='lat' dir='ltr'><strong>senuerit</strong></span> <span class='ocrx_word' id='word_1_174' title='bbox 531 2537 543 2560; x_wconf 92' lang='lat'><strong>‚</strong></span> <span class='ocrx_word' id='word_1_175' title='bbox 561 2509 684 2550; x_wconf 68' lang='lat' dir='ltr'><strong>non</strong></span> <span class='ocrx_word' id='word_1_176' title='bbox 703 2494 921 2549; x_wconf 81' lang='lat' dir='ltr'><strong>recedet</strong></span> <span class='ocrx_word' id='word_1_177' title='bbox 939 2493 1014 2547; x_wconf 80' lang='lat' dir='ltr'><strong>ab</strong></span> <span class='ocrx_word' id='word_1_178' title='bbox 1034 2493 1117 2548; x_wconf 72' lang='lat' dir='ltr'><strong>ed.</strong></span> <span class='ocrx_word' id='word_1_179' title='bbox 1150 2494 1217 2549; x_wconf 90' lang='lat' dir='ltr'><strong>V.</strong></span> <span class='ocrx_word' id='word_1_180' title='bbox 1244 2497 1299 2546; x_wconf 88' lang='grc'><strong>6.</strong></span> <span class='ocrx_word' id='word_1_181' title='bbox 1746 2505 1753 2512; x_wconf 86' lang='grc'><em>·</em></span> 
     </span>
    </p>

    <p class='ocr_par' dir='ltr' id='par_1_14' title="bbox 273 2571 1734 2727">
     <span class='ocr_line' id='line_1_28' title="bbox 346 2571 1734 2643; baseline 0 -17"><span class='ocrx_word' id='word_1_182' title='bbox 346 2577 470 2628; x_wconf 85' lang='grc'><strong>489.</strong></span> <span class='ocrx_word' id='word_1_183' title='bbox 508 2574 653 2643; x_wconf 86' lang='lat' dir='ltr'><strong>Ejice</strong></span> <span class='ocrx_word' id='word_1_184' title='bbox 676 2573 986 2641; x_wconf 83' lang='lat' dir='ltr'><strong>derisorem,</strong></span> <span class='ocrx_word' id='word_1_185' title='bbox 1007 2577 1065 2626; x_wconf 86' lang='lat' dir='ltr'><strong>et</strong></span> <span class='ocrx_word' id='word_1_186' title='bbox 1078 2572 1243 2627; x_wconf 85' lang='lat' dir='ltr'><strong>exibit</strong></span> <span class='ocrx_word' id='word_1_187' title='bbox 1262 2588 1388 2628; x_wconf 87' lang='lat' dir='ltr'><strong>cum</strong></span> <span class='ocrx_word' id='word_1_188' title='bbox 1406 2587 1473 2626; x_wconf 89' lang='lat' dir='ltr'><strong>eo</strong></span> <span class='ocrx_word' id='word_1_189' title='bbox 1482 2571 1734 2640; x_wconf 84' lang='lat' dir='ltr'><strong>jurgium,</strong></span> 
     </span>
     <span class='ocr_line' id='line_1_29' title="bbox 273 2654 1681 2727; baseline -0.006 -16"><span class='ocrx_word' id='word_1_190' title='bbox 273 2656 670 2727; x_wconf 82' lang='lat' dir='ltr'><strong>cessabuntque</strong></span> <span class='ocrx_word' id='word_1_191' title='bbox 691 2667 870 2712; x_wconf 82' lang='lat' dir='ltr'><strong>causae</strong></span> <span class='ocrx_word' id='word_1_192' title='bbox 887 2660 945 2710; x_wconf 86' lang='lat' dir='ltr'><strong>et</strong></span> <span class='ocrx_word' id='word_1_193' title='bbox 961 2655 1325 2710; x_wconf 85' lang='lat' dir='ltr'><strong>contumeliae.</strong></span> <span class='ocrx_word' id='word_1_194' title='bbox 1349 2654 1414 2706; x_wconf 92' lang='lat' dir='ltr'><strong>V.</strong></span> <span class='ocrx_word' id='word_1_195' title='bbox 1444 2655 1531 2705; x_wconf 88' lang='grc'><strong>40.</strong></span> <span class='ocrx_word' id='word_1_196' title='bbox 1671 2661 1681 2671; x_wconf 83' lang='grc'><strong>’</strong></span> 
     </span>
    </p>

    <p class='ocr_par' dir='ltr' id='par_1_15' title="bbox 343 2729 1739 2807">
     <span class='ocr_line' id='line_1_30' title="bbox 343 2729 1739 2807; baseline -0.004 -15"><span class='ocrx_word' id='word_1_197' title='bbox 343 2739 470 2794; x_wconf 82' lang='grc'><strong>490.</strong></span> <span class='ocrx_word' id='word_1_198' title='bbox 507 2736 744 2793; x_wconf 77' lang='lat' dir='ltr'><strong>Stultitia</strong></span> <span class='ocrx_word' id='word_1_199' title='bbox 765 2737 1014 2807; x_wconf 80' lang='lat' dir='ltr'><strong>colligata</strong></span> <span class='ocrx_word' id='word_1_200' title='bbox 1054 2740 1138 2790; x_wconf 84' lang='lat' dir='ltr'><strong>est</strong></span> <span class='ocrx_word' id='word_1_201' title='bbox 1174 2735 1229 2788; x_wconf 89' lang='lat' dir='ltr'><strong>in</strong></span> <span class='ocrx_word' id='word_1_202' title='bbox 1264 2733 1427 2789; x_wconf 84' lang='lat' dir='ltr'><strong>corde</strong></span> <span class='ocrx_word' id='word_1_203' title='bbox 1464 2729 1643 2804; x_wconf 82' lang='lat' dir='ltr'><strong>pueri;</strong></span> <span class='ocrx_word' id='word_1_204' title='bbox 1679 2736 1739 2787; x_wconf 84' lang='lat' dir='ltr'><strong>et</strong></span> 
     </span>
    </p>
   </div>
   <div class='ocr_carea' id='block_1_3' title="bbox 271 2814 1361 2892">
    <p class='ocr_par' dir='ltr' id='par_1_16' title="bbox 271 2814 1361 2892">
     <span class='ocr_line' id='line_1_31' title="bbox 271 2814 1361 2892; baseline -0.006 -13"><span class='ocrx_word' id='word_1_205' title='bbox 271 2816 426 2891; x_wconf 76' lang='lat' dir='ltr'><strong>virga</strong></span> <span class='ocrx_word' id='word_1_206' title='bbox 451 2819 756 2892; x_wconf 74' lang='lat' dir='ltr'><strong>disciplinae</strong></span> <span class='ocrx_word' id='word_1_207' title='bbox 779 2819 985 2889; x_wconf 78' lang='lat' dir='ltr'><strong>fugabit</strong></span> <span class='ocrx_word' id='word_1_208' title='bbox 1005 2829 1147 2874; x_wconf 77' lang='lat' dir='ltr'><strong>eam.</strong></span> <span class='ocrx_word' id='word_1_209' title='bbox 1174 2814 1241 2872; x_wconf 71' lang='lat' dir='ltr'><strong>v.</strong></span> <span class='ocrx_word' id='word_1_210' title='bbox 1272 2817 1361 2872; x_wconf 77' lang='lat'><strong>⁴5.</strong></span> 
     </span>
    </p>
   </div>
   <div class='ocr_carea' id='block_1_4' title="bbox 949 2984 987 2997">
    <p class='ocr_par' dir='ltr' id='par_1_17' title="bbox 949 2984 987 2997">
     <span class='ocr_line' id='line_1_32' title="bbox 949 2984 987 2997; baseline 0 0"><span class='ocrx_word' id='word_1_211' title='bbox 949 2984 987 2997; x_wconf 35' lang='grc' dir='ltr'><strong>’ἢ</strong></span> 
     </span>
    </p>
   </div>
  </div>
 </body>
</html>
