2034 3234
933 248 1137 319 (17)

367 363 494 416 494.
531 359 735 416 Inclina
755 375 940 416 aurem
963 367 1132 429 tuam,
1152 367 1211 418 et
1230 361 1357 419 audi
1372 361 1537 420 verba
1550 361 1759 434 sepien-

299 443 462 508 tium;
491 459 704 516 appone
745 449 924 500 autem
974 459 1067 502 cor
1110 445 1179 501 ad
1220 445 1517 504 doctrinam
1556 460 1761 515 meam,

365 615 492 670 492.
527 611 664 678 Quae
701 610 924 682 pulchra
961 610 1067 668 erit
1092 609 1191 666 tibi
1212 649 1229 676 ‚
1266 625 1437 680 quum
1464 609 1763 668 servaveris

293 693 492 750 samin
517 692 678 748 corde
702 697 796 747 tuo
811 733 828 760 ‚
853 697 910 748 et
931 691 1255 750 redundabit
1274 691 1331 746 in
1360 691 1515 748 labiis
1548 691 1679 760 tuiS,
1704 696 1763 746 ut

293 776 364 830 sit
386 777 443 829 in
467 777 692 830 Domino
717 774 910 831 fiducia
935 781 1049 830 tua.
1073 776 1139 832 V.
1168 777 1235 832 48
1255 780 1312 832 et
1331 777 1417 836 ⁴9.

361 861 484 914 493.
524 859 644 914 Non
675 859 842 916 facias
864 859 1176 916 violentiam
1200 858 1455 931 pauperi,
1481 858 1607 928 quia
1628 872 1760 929 pau-

291 956 389 1010 per
409 943 528 1010 est3
553 957 734 1012 neque
765 947 1014 1001 conteras
1044 955 1276 1012 egenum
1296 941 1355 996 in
1380 940 1531 1012 porto
1550 940 1643 997 :V.
1668 942 1757 998 22.

293 1064 302 1073 .
361 1025 486 1078 494.
525 1023 662 1090 Quia
693 1024 959 1095 judicabit
983 1025 1243 1079 Dominus
1283 1037 1505 1080 causam
1528 1025 1675 1094 ejuS,
1708 1027 1760 1078 et

291 1104 522 1175 configet
541 1121 636 1160 eos
657 1106 754 1176 qui
768 1105 1108 1161 confixerunt
1128 1107 1369 1161 animam
1388 1108 1523 1176 ejus.
1541 1107 1607 1161 V.
1632 1107 1723 1162 23.

364 1189 484 1238 495.
521 1187 644 1239 Noli
665 1200 784 1240 esso
813 1187 1021 1240 amicus·
1040 1187 1245 1240 homini
1268 1186 1529 1238 iracundo
1545 1225 1558 1250 ‚
1584 1199 1761 1252 neque

289 1263 539 1320 ambules
557 1279 682 1317 eum
702 1265 820 1319 viro
843 1264 1043 1318 furioso
1062 1305 1077 1332 ,
1102 1279 1171 1318 ne
1194 1263 1334 1318 forte
1356 1263 1531 1318 diseas
1547 1263 1761 1322 semitas

287 1347 432 1417 eim,
449 1351 518 1430 'P‘
563 1357 750 1400 sumas
793 1345 1109 1400 scandalum
1164 1344 1359 1400 animae
1408 1349 1535 1403 tuae.
1578 1346 1645 1402 V.
1688 1349 1755 1404 24

287 1435 340 1486 et
361 1432 450 1486 25.
852 1476 859 1483 .
917 1476 922 1484 .
1140 1477 1147 1486 .
1690 1449 1695 1456 ·

359 1514 480 1565 496.
520 1513 638 1566 Non
661 1510 951 1566 aemil‘etur
983 1525 1080 1566 eor
1110 1514 1265 1565 tuum
1292 1515 1631 1581 poccatores3
1656 1508 1755 1564 sed

287 1593 345 1646 in
368 1592 562 1647 timore
579 1592 794 1646 Domini
817 1597 931 1645 esto
955 1591 1069 1645 tota
1092 1591 1199 1645 die.
1220 1591 1278 1645 C.
1306 1605 1477 1648 mu.
1494 1605 1551 1645 v.
1584 1591 1671 1644 47.
1740 1607 1747 1614 ·

281 1712 306 1718 --
355 1675 487 1728 497.
519 1671 640 1728 Noli
675 1684 792 1727 esse
820 1671 882 1724 in
899 1670 1161 1726 conviviis
1193 1675 1497 1740 potatorum
1521 1712 1535 1739 ‚
1568 1685 1669 1724 neo
1696 1670 1753 1724 in

171 1754 192 1774 ‘
285 1753 766 1808 comessationibus
785 1765 974 1804 eorum
1000 1751 1102 1819 qui
1116 1759 1310 1804 earnes
1334 1753 1409 1804 ed
1428 1750 1755 1808 vescendum

287 1834 590 1889 conserunt.
610 1832 675 1889 V.
705 1835 797 1888 20.
853 1839 856 1844 ·

355 1919 483 1970 498.
515 1914 613 1970 Cui
636 1914 757 1970 vae?
781 1913 935 1982 eujus
957 1912 1101 1984 patri
1117 1913 1238 1970 vae?
1264 1913 1352 1968 cui
1374 1912 1543 1968 rixae‘?
1565 1911 1653 1968 cui
1677 1913 1752 1970 fo-

282 1997 438 2054 veae‘?
467 1997 555 2053 cui
587 1997 704 2052 sine
741 1995 908 2052 eausa
945 1996 1223 2050 vulnera?
1252 1997 1343 2049 eui
1368 1996 1595 2050 suffusio
1624 2011 1751 2052 oeu-

280 2079 498 2138 lorum?
521 2095 704 2133 nonne
726 2078 814 2132 his
849 2077 945 2146 qui
977 2081 1383 2132 commorantur
1416 2077 1474 2130 in
1505 2077 1661 2142 vino,
1696 2085 1751 2134 et

281 2162 500 2219 student
519 2159 778 2218 calicibus
801 2158 1121 2232 epotandis?
1145 2159 1209 2214 V.
1236 2161 1305 2222 29
1326 2163 1383 2215 et
1406 2162 1493 2214 30.

347 2250 372 2300 4
383 2247 470 2300 99.
497 2245 581 2299 Ne
597 2243 854 2298 intuearis
869 2242 1059 2299 vinum
1072 2240 1289 2313 quando
1304 2239 1563 2310 flavescit,
1582 2255 1746 2310 quum

273 2324 612 2394 splenduerit
625 2325 682 2376 in
697 2324 838 2377 vitro
857 2323 1001 2375 oolor
1020 2323 1139 2389 ejus
1160 2339 1176 2374 ι
1202 2322 1501 2389 ingreditur
1516 2320 1741 2392 blande;

277 2406 374 2460 sod
395 2404 450 2457 in
468 2404 756 2458 novissimo
779 2401 1046 2455 mordebit
1067 2405 1129 2456 ut
1142 2401 1392 2471 coluber,
1424 2404 1481 2456 et
1500 2401 1639 2455 sicut
1663 2417 1745 2457 re·

276 2486 436 2558 gulus
457 2499 668 2541 venena
691 2483 972 2538 diffundet.
1003 2483 1069 2540 V.
1104 2485 1163 2536 34
1192 2487 1247 2536 et
1269 2483 1359 2548 32.

345 2572 472 2627 200.
511 2571 598 2624 Ne
613 2567 886 2624 aemnleris
926 2567 1071 2622 viros
1106 2565 1310 2635 malos,
1348 2581 1451 2622 neo
1474 2566 1745 2623 desideres

277 2667 396 2708 me
425 2667 552 2707 eum
577 2652 656 2708 eis
681 2670 698 2706 τ
727 2651 856 2724 quia
883 2650 1107 2722 rapinas
1130 2650 1425 2706 meditatur
1455 2666 1611 2708 mens
1644 2663 1741 2704 eo·

274 2747 424 2802 rum,
457 2738 512 2788 et
533 2732 748 2789 fraudes
769 2732 914 2788 labia
935 2747 1122 2788 eorum
1154 2729 1469 2802 loquuntur.
1493 2731 1551 2784 C.
1580 2740 1735 2782 xxiv.

276 2829 333 2872 v.
355 2817 380 2868 ¹
409 2819 464 2868 et
479 2817 540 2870 2.
