2034 3234
951 291 1110 365 (4)

360 414 414 464 8.
455 405 726 462 Custodiet
748 411 1016 462 rectorum
1038 407 1289 475 salutem,
1318 413 1373 464 et
1389 415 1627 482 proteget
1644 426 1761 482 gra·

291 491 498 548 dientes
517 489 848 561 simpliciter.
868 489 935 547 V.
959 491 1014 544 7.

361 575 412 628 9.
452 572 509 628 Si
531 571 816 628 intraverit
836 573 1104 644 sapientia
1126 588 1221 628 cor
1247 579 1421 645 tuum,
1456 581 1516 632 et
1534 576 1759 632 scientia

291 654 489 711 animae
511 660 617 710 tuae
639 653 908 726 placuerit
933 674 947 710 ε
975 655 1041 711 V.
1073 659 1159 710 40.

363 739 384 790 4
397 741 450 791 o.
479 737 765 791 Consilium
779 737 1047 792 custodiet
1062 743 1137 802 te,
1149 741 1209 792 et
1224 738 1764 809 prudentiaservabit

291 824 366 888 te,
393 823 456 872 ut
480 816 685 872 eruaris
717 833 750 872 a
780 817 871 872 via
897 818 1041 872 mala
1072 824 1127 872 et
1159 820 1231 872 ab
1258 821 1474 874 homine
1508 821 1601 889 qui
1636 835 1761 888 per-

289 917 445 958 versa
467 901 721 972 loquitur.
746 901 819 957 V.
846 904 904 955 44
938 907 993 957 et
1016 904 1105 958 ⁴2.

362 987 446 1039 44.
491 982 748 1038 Ambules
785 981 839 1036 in
878 983 970 1041 via
1006 983 1177 1054 bone,
1214 988 1269 1039 et
1303 983 1465 1040 calles
1497 985 1763 1055 justorum

291 1066 578 1124 custodias.
598 1065 669 1122 V.
693 1068 786 1122 20.

363 1153 450 1208 42.
488 1149 591 1219 Qui
623 1149 768 1205 enim
803 1147 935 1202 recti
972 1152 1102 1202 sunt
1138 1147 1465 1204 habitabunt
1496 1145 1557 1200 in
1596 1145 1757 1209 terra,

293 1240 348 1288 et
367 1235 636 1302 simplices
659 1229 1055 1302 permanebunt
1074 1230 1133 1286 in
1157 1229 1240 1286 ea.
1262 1231 1329 1286 V.
1354 1232 1415 1286 24
1432 1271 1446 1285 .

361 1313 448 1364 43.
475 1308 629 1377 impii
652 1309 778 1360 vero
797 1310 864 1359 de
889 1309 1030 1358 terra
1050 1311 1361 1373 perdentur,
1386 1315 1441 1359 et
1465 1309 1557 1374 qui
1580 1309 1763 1374 inique

292 1394 460 1460 agunt
482 1388 793 1441 auferentur
821 1401 886 1440 ex
910 1385 992 1438 est.
1020 1385 1084 1441 V.
1114 1388 1205 1441 22.

365 1470 450 1522 44.
491 1467 642 1522 Habe
683 1465 934 1522 fiduciam
968 1464 1025 1518 in
1064 1466 1291 1520 Domino
1338 1483 1407 1521 ex
1454 1472 1567 1522 toto
1601 1469 1764 1524 corde

269 1557 404 1617 -·tuo,
435 1555 492 1604 et
515 1565 582 1604 ne
605 1550 855 1606 innitaris
875 1547 1175 1621 prudentiae
1198 1553 1327 1604 tuae.
1352 1549 1413 1604 C.
1442 1565 1527 1604 ιιι.
1554 1565 1612 1604 v.
1638 1553 1692 1604 5.

365 1635 450 1691 45.
491 1635 551 1688 ln
581 1633 831 1690 omnibus
861 1632 964 1690 viis
986 1631 1105 1688 tuis
1136 1633 1313 1706 cogita
1350 1631 1518 1703 illum,
1562 1638 1615 1686 et
1654 1633 1765 1704 ipsc

295 1719 486 1794 diriget
515 1736 726 1794 gressus
747 1727 887 1776 tuoS.
921 1720 988 1776 V.
1014 1722 1071 1775 6.

369 1807 456 1856 46.
495 1806 576 1856 Ne
610 1805 684 1855 sis
726 1806 941 1873 sapiens
979 1803 1127 1870 apud
1169 1807 1337 1860 temet
1367 1802 1547 1876 'ipsum
1583 1819 1597 1855 z
1634 1799 1768 1856 time

298 1881 498 1945 Deum,
533 1885 586 1933 et
608 1879 800 1933 recede
823 1893 854 1932 a
879 1875 1037 1930 male.
1058 1879 1125 1932 V.
1150 1881 1208 1930 7.

365 1963 453 2017 47.
490 1962 706 2016 Honora
728 1959 1010 2014 Dominum
1035 1957 1102 2011 de
1141 1955 1237 2010 tua
1267 1956 1587 2026 substantia,
1624 1959 1767 2014 etde

273 2046 537 2118 primitiis
559 2043 796 2098 omnium
819 2043 1029 2112 frugum
1050 2045 1263 2094 tuarum
1282 2039 1353 2092 da
1376 2039 1443 2092 ei.
1470 2039 1533 2092 V.
1569 2043 1621 2092 9.

367 2131 452 2179 48.
493 2123 838 2191 Disciplinam
877 2119 1115 2185 Domini,
1158 2119 1231 2170 fili
1264 2119 1363 2186 mi,
1402 2133 1473 2172 ne
1506 2117 1759 2188 abjicias;

296 2225 398 2264 nec
419 2204 633 2261 deficias
653 2215 822 2272 quum
845 2203 914 2256 ab
941 2215 1006 2255 eo
1032 2199 1331 2276 corriperis.
1348 2199 1413 2254 V.
1442 2203 1527 2252 44.

369 2293 454 2345 49.
493 2286 664 2354 Quem
706 2284 852 2340 enim
890 2282 1061 2354 diligit
1099 2281 1372 2350 Dominus,
1414 2280 1659 2352 corripit3
1690 2288 1762 2352 et,

297 2373 450 2447 quasi
472 2376 624 2445 pater
645 2370 703 2424 iu
725 2366 850 2438 filio,
877 2367 1173 2440 complacet
1194 2366 1315 2420 sibi.
1340 2367 1404 2422 V.
1434 2368 1523 2422 42.

238 2449 247 2454 ’
368 2461 456 2514 20.
494 2457 687 2510 Beatus
709 2451 866 2507 homo
881 2451 974 2522 qui
995 2449 1207 2507 invenit
1223 2448 1568 2520 sapientiam,
1590 2451 1651 2502 et
1670 2446 1763 2517 qui

247 2571 250 2576 -
299 2537 467 2594 affluit
483 2534 790 2608 prudentia.
815 2535 881 2590 V.
915 2535 1002 2586 43.

369 2623 456 2676 24.
497 2617 778 2671 Pretiosior
798 2613 1103 2670 estcunctis
1126 2613 1347 2683 opibus3
1374 2615 1429 2664 et
1446 2609 1627 2664 omnia
1644 2622 1767 2679 quae

301 2699 674 2754 desiderantur
694 2697 821 2750 huic
843 2711 952 2750 non
975 2695 1161 2752 valent
1182 2691 1499 2764 comparari.
1525 2691 1588 2747 V.
1618 2693 1705 2746 45.

370 2783 458 2836 22.
495 2777 618 2834 Noli
649 2777 930 2849 prohibere
952 2777 1267 2834 benefacere
1296 2789 1421 2834 eum
1444 2769 1537 2844 qui
1560 2773 1763 2844 potest;

302 2862 348 2917 si
370 2861 535 2932 vam,
561 2859 752 2934 etipse
784 2860 1029 2919 benefac.
1054 2859 1124 2918 V.
1150 2859 1237 2917 27.
1290 2881 1295 2886 ·
