2034 3234
997 231 1069 284 12

362 315 487 370 420.
525 316 764 374 Victimae
784 228 1073 393 impigrum
1090 237 1477 390 gbominabilae
1498 335 1755 394 Domino:

291 401 416 450 vota
435 397 705 466 justorum
729 403 1033 474 placabilia.
1063 411 1127 468 V.
1158 416 1209 470 8.

359 479 479 534 424.
519 479 640 535 Non
675 493 817 540 amat
847 491 1105 559 pestilens
1134 511 1259 554 eum
1289 499 1381 572 qui
1418 516 1477 556 se
1510 500 1754 572 corripit,

285 573 386 612 nec
403 560 472 615 ad
495 564 769 636 sapientes
791 573 1047 642 graditur.
1078 578 1143 635 V.
1176 583 1266 637 42.

356 645 480 702 422.
520 647 622 704 Cor
636 651 894 723 sapientis
905 659 1102 728 quaerit
1122 661 1417 720 doctrinam
1442 685 1455 722 :
1482 673 1538 722 et
1555 683 1615 723 os
1630 667 1756 722 stul-

284 725 458 778 torum
483 731 721 796 pascitur
741 733 1029 804 imperitia.
1056 742 1123 798 V.
1156 745 1243 798 44.

354 808 477 864 423.
533 811 724 870 Melius
769 824 850 872 est
904 837 1098 890 parum
1142 840 1269 880 cum
1310 829 1499 883 timore
1542 829 1765 883 Domini

281 885 446 957 quam
470 889 704 950 thesauri
728 900 907 970 magni
931 908 986 957 et
1009 903 1354 964 insatiabiles.
1380 909 1444 964 V.
1475 911 1560 964 46.
1754 961 1759 968 .

301 1018 308 1024 ,
348 972 469 1028 424.
511 975 606 1032 Vir
631 977 922 1040 iracundus
944 994 1202 1058 provocat
1218 991 1361 1046 rixas
1386 1010 1399 1047 ε
1428 992 1517 1062 qui
1542 993 1753 1064 patiens

279 1057 380 1121 est,
407 1054 614 1129 mitigat
633 1063 938 1122 suscitatas.
964 1069 1031 1123 V.
1056 1073 1138 1125 48.

352 1141 474 1196 425.
511 1142 849 1204 Abominatio
878 1152 1091 1208 Domini
1114 1156 1459 1227 cogitationes
1476 1159 1633 1214 malae
1658 1177 1671 1212 t
1694 1165 1753 1216 et

271 1235 444 1302 purus
467 1241 644 1285 sermo
662 1233 1054 1302 pulcherrimus
1068 1237 1366 1298 firmabitur
1380 1243 1449 1298 ab
1464 1257 1545 1298 e0.
1571 1243 1639 1300 V.
1659 1245 1757 1329 26..

349 1302 471 1354 426.
513 1305 616 1358 Per
659 1312 1084 1366 misericordiam
1131 1326 1185 1368 et
1234 1321 1397 1371 fidem
1452 1330 1751 1388 purgantur

273 1385 495 1447 peccata
535 1399 548 1434 ε
597 1399 696 1452 per
743 1389 988 1444 timorem
1031 1398 1214 1449 autem
1256 1397 1466 1452 Domini
1514 1399 1749 1457 declinat

271 1463 445 1518 omnis
465 1466 675 1522 amalo.
703 1469 768 1526 V.
795 1475 884 1530 27.

343 1547 464 1602 427.
505 1547 684 1620 Longe
704 1558 784 1608 est
799 1554 1057 1616 Dominus
1070 1559 1139 1618 ab
1158 1561 1338 1634 impiis
1361 1581 1373 1618 :
1397 1569 1453 1620 et
1473 1564 1745 1622 orationes

264 1626 530 1697 justorum
550 1634 818 1692 exaudiet.
844 1637 1030 1699 V.‘29.
1736 1703 1741 1708 .

323 1713 465 1768 428.
507 1712 610 1782 Qui
639 1716 824 1791 abjicit
863 1723 1205 1798 disciplinam
1240 1728 1464 1801 despicit
1506 1729 1743 1787 animam

268 1805 423 1863 suam
451 1813 464 1848 ε
491 1797 583 1862 qui
617 1807 798 1855 autem
825 1807 1121 1874 acquiescit
1142 1809 1598 1884 increpationibus
1619 1827 1741 1886 pos·

265 1883 440 1924 sessor
469 1877 549 1924 est
570 1875 747 1927 cordis
775 1879 813 1928 ¹.
841 1880 904 1933 V.
933 1883 1021 1934 32.
1486 1893 1493 1900 ’

341 1952 463 2008 429.
503 1951 683 2008 Timor
726 1956 966 2028 Domini,
1003 1960 1293 2034 disciplina
1336 1965 1648 2037 sapientiae,
1685 1975 1741 2025 et

266 2029 489 2102 gloriam
514 2035 773 2107 praecedit
795 2039 1083 2096 humilitas
1109 2041 1175 2100 V.
1203 2047 1291 2100 33.
1564 2051 1569 2058 '
1736 2109 1745 2122 ‚

264 2170 313 2251 C,
337 2119 458 2168 430.
501 2119 702 2172 Omnes
723 2121 828 2177 viae
863 2123 1093 2180 hominis
1127 2133 1311 2196 patent
1346 2128 1517 2184 oculis
1548 2131 1663 2202 ejus
1688 2129 1733 2190 ⁸.

310 2237 321 2250 .
355 2211 473 2250 xvx.
497 2212 552 2251 v.
578 2199 632 2254 2.

285 2329 290 2336 ,
337 2278 457 2330 434.
499 2277 1094 2354 Αὴοωίηαιίοᾙοηιίυἰ
1125 2294 1206 2348 est
1246 2269 1419 2350 omnis
1457 2297 1739 2368 arrogans.‘

263 2355 456 2521 Tg&
500 2445 716 2503 Initium
732 2450 836 2508 viae
849 2453 1008 2510 bonae
1027 2453 1201 2514 facere
1206 2459 1467 2529 justitiam
1482 2479 1501 2515 ·.
1514 2467 1733 2534 accepta

261 2525 344 2576 est
385 2534 560 2580 autem
585 2531 728 2598 apud
755 2533 923 2590 Deum
954 2541 1124 2610 magis
1147 2541 1310 2612 quam
1331 2542 1607 2598 immolare
1631 2543 1733 2598 ho·-

259 2606 410 2670 stias.
441 2609 506 2668 V.
534 2611 584 2664 5.

315 2743 354 2781 1.
383 2739 706 2788 Summani.

307 2807 349 2846 ².
378 2806 436 2848 Le
453 2807 675 2862 Seignoe.
