2034 3234
897 291 1099 364 (99)

257 406 412 461 dotes
446 408 558 462 Deo
579 413 636 462 et
654 407 797 463 Patri
817 421 946 476 suc,
972 405 1075 478 ipsi
1098 404 1268 475 gloria
1292 408 1348 459 et
1367 403 1649 475 imperium
1671 405 1724 459 in

255 491 452 546 saecula
475 491 809 547 saeculorum.
835 491 892 546 C.
915 507 956 546 1.
983 507 1038 544 v.
1066 493 1101 544 5
1123 493 1177 545 et
1198 492 1251 544 6.

247 601 254 604 -
326 576 382 630 2.
423 574 548 630 Esto
586 576 756 632 fidelis
791 589 962 646 usque
999 575 1067 630 ad
1100 580 1351 644 mortem,
1380 579 1436 630 et
1462 571 1601 629 dabo
1628 571 1726 627 tibi

251 673 506 714 coronam
531 662 674 716 vitae.
707 661 762 715 C.
793 678 856 716 n.
883 676 941 716 v.
967 664 1055 716 40.

327 747 377 796 3.
420 743 523 810 Qui
563 744 754 800 vicerit
783 760 890 800 non
932 743 1161 799 laedetur
1196 758 1229 798 a
1265 748 1439 798 morte
1470 741 1707 798 secunda

251 826 318 880 V.
346 829 404 878 Η
423 867 434 879 .

322 909 373 961 4.
413 908 538 962 Esto
561 907 827 979 vigilans3
859 925 970 965 non
996 910 1141 965 enim
1174 908 1393 964 invenio
1428 923 1593 980 opera
1632 913 1723 962 tua

253 989 411 1062 plena
444 1007 627 1047 coram
658 993 768 1048 Deo
799 1009 938 1049 mec.
981 994 1042 1048 In
1076 1000 1260 1049 mente
1282 1009 1407 1064 ergo
1430 992 1571 1048 habe
1594 1006 1725 1062 qua-

252 1073 371 1129 liter
396 1076 666 1148 acceperis
695 1083 754 1132 et
775 1077 1038 1147 audieris,
1078 1083 1133 1134 et
1161 1091 1343 1146 serva,
1379 1083 1436 1132 et
1460 1075 1727 1148 poeniten·

252 1159 382 1214 tiam
422 1175 537 1230 age.
573 1159 627 1215 Si
667 1176 791 1230 ergo
829 1178 938 1216 non
968 1161 1297 1233 vigilaveris,
1328 1158 1545 1216 veniam
1580 1159 1649 1214 ad
1674 1165 1725 1214 te

251 1247 511 1317 tanquam
533 1243 636 1313 fur,
682 1251 738 1300 et
769 1246 975 1302 nescies
999 1245 1108 1315 qua
1146 1243 1279 1301 hora
1314 1243 1531 1300 veniam
1556 1243 1623 1299 ad
1648 1247 1721 1296 te.

251 1325 307 1381 C.
333 1343 423 1383 ιιι.
451 1344 506 1383 v.
533 1331 566 1384 2
591 1333 645 1382 et
667 1333 718 1384 3.
1261 1347 1277 1358 ·

322 1412 373 1464 5.
415 1411 525 1481 Ego
560 1426 696 1481 quos
719 1426 870 1480 amc,
899 1415 1080 1483 'arguo
1112 1416 1165 1466 et
1203 1412 1443 1483 castigo:
1470 1409 1724 1476 aemulare

249 1507 393 1562 ergO,
419 1500 476 1546 et
497 1493 869 1562 poenitentiam
891 1511 1010 1562 age.
1031 1495 1094 1547 V.
1124 1497 1213 1570 ⁴9.

321 1576 374 1627 6.
411 1573 549 1628 Ecce
589 1580 671 1628 sto
715 1574 783 1628 ad
808 1575 1034 1642 ostium,
1077 1577 1135 1627 et
1172 1574 1371 1644 pulso:
1404 1572 1448 1627 si
1488 1573 1609 1644 quis
1632 1590 1724 1629 au-

251 1655 407 1710 dierit
426 1669 614 1710 vocem
647 1671 823 1711 meam
852 1659 908 1709 et
925 1656 1195 1728 aperuerit
1216 1655 1345 1709 mihi
1374 1656 1616 1726 januam,
1644 1657 1723 1710 in-

251 1737 408 1792 trabo
430 1739 498 1792 ad
513 1738 680 1804 iilum,
700 1743 756 1794 et
769 1737 998 1795 coenaho
1012 1754 1137 1793 curn
1160 1738 1269 1809 illo,
1286 1744 1341 1793 et
1356 1739 1471 1811 ipse
1488 1755 1717 1795 mecum.

319 1903 374 1957 ¹7.
413 1904 618 1960 Timete
641 1905 948 1976 Dominum,
975 1912 1030 1962 et
1052 1906 1175 1961 date
1197 1905 1273 1960 illi
1298 1906 1575 1975 honorem,
1596 1907 1718 1976 quia

250 1987 399 2043 venit
414 1987 546 2044 hora
580 1989 766 2061 judicii
797 1992 946 2060 ejus;
971 1996 1031 2046 et
1061 1991 1281 2046 adorate
1303 2004 1453 2056 eum,
1482 1989 1574 2062 qui
1598 1990 1723 2046 fecit

251 2070 458 2139 coelum,
501 2079 556 2128 et
614 2069 811 2130 terram
833 2115 848 2144 ‚
905 2089 1056 2132 mare
1114 2081 1171 2130 et
1220 2075 1393 2132 fontes
1436 2091 1716 2148 aquarum.

255 2153 316 2209 C.
342 2170 456 2208 xlv.
482 2170 537 2210 v.
563 2155 618 2210 ’7.
727 2195 736 2202 -

323 2241 376 2293 8.
416 2238 564 2294 Beati
622 2239 816 2295 mortui
865 2241 968 2312 qui'
1006 2241 1062 2296 in
1118 2241 1345 2298 Domino
1398 2240 1715 2298 moriuntur.

255 2321 460 2376 Amodo
494 2323 608 2392 jam
653 2323 782 2376 dicit
812 2323 1072 2394 Spiritus,
1110 2331 1168 2378 ut
1202 2325 1543 2395 requiescant
1571 2343 1605 2382 a
1642 2327 1719 2382 la-

253 2405 471 2461 boribus
490 2405 604 2462 suis
625 2424 638 2461 ε
666 2421 832 2478 opera
861 2407 1002 2463 enim
1026 2407 1239 2465 illorum
1254 2413 1554 2480 sequuntur
1575 2407 1713 2467 illos.

253 2487 320 2544 V.
343 2491 431 2543 ⁴3.

325 2575 377 2626 9.
415 2572 570 2628 Exite
594 2573 662 2628 de
697 2571 792 2629 illa
810 2573 854 2644 ¹,
889 2574 1124 2647 populus
1148 2590 1331 2644 meus,
1359 2578 1423 2629 ut
1450 2587 1521 2629 ne
1542 2573 1715 2646 parti-

255 2653 403 2724 cipes
429 2655 546 2710 sitis
570 2653 887 2712 delictorum
915 2657 1058 2728 ejus,
1097 2659 1242 2713 etde
1261 2655 1432 2729 plagis
1466 2656 1583 2726 ejus
1606 2669 1712 2708 non

258 2736 554 2810 accipiatis.
569 2738 630 2794 C.
645 2755 811 2798 xvur.
832 2756 886 2795 v.
922 2739 972 2796 t.

314 2910 350 2946 ι.
383 2899 488 2943 Illa.
508 2902 740 2952 Babylone.
