2034 3234
942 257 1147 334 (80)

311 371 532 444 gloriam
551 388 564 439 3
593 371 686 427 sed
709 371 764 426 in
789 371 1085 428 humilitate
1104 371 1407 446 superiores
1419 372 1523 429 sihi
1542 368 1769 430 invicem

312 454 650 511 arbitrantes.
676 453 735 512 C.
761 470 823 510 11.
843 469 895 510 v.
919 461 971 512 3.

381 541 434 594 4.
471 539 592 594 Non
624 553 747 610 quae
769 553 866 594 sua
882 545 1008 594 sunt
1030 537 1224 612 singuli
1246 537 1771 607 mnsiderantae,sed

311 638 376 679 ea
399 637 521 693 quae
544 630 673 678 sunt
707 624 952 679 aliorum.
991 625 1106 679 Hoc
1128 623 1271 678 enim
1294 621 1490 680 sentite
1512 623 1566 678 in
1589 625 1771 696 vobis,

315 707 458 778 quod
482 712 537 760 et
556 707 612 782 in·
639 707 844 760 Christo
870 709 1013 762 Jesu.
1041 707 1103 762 V:
1128 707 1158 761 4
1177 713 1231 761 et
1253 709 1303 762 ὃ.

381 791 432 843 5.
473 787 739 843 Car-issimi
783 789 924 860 mei,
965 805 1091 844 cum
1140 798 1284 844 metu
1326 797 1383 845 et
1413 796 1645 846 tremore
1677 807 1771 847 ve-

315 876 482 926 stram
517 869 745 928 saiutem
789 871 1085 942 operamini
1126 889 1141 926 ι
1188 873 1328 925 Deus
1370 880 1452 925 est
1496 874 1639 928 enim
1682 871 1772 944 qui

313 960 569 1025 operatur
593 955 646 1008 in
683 953 835 1008 vobis
868 959 922 1008 et
959 952 1099 1009 velle
1124 960 1180 1009 et
1200 953 1479 1026 perficere,
1513 969 1609 1027 pro
1628 955 1771 1012 bona

313 1035 612 1093 voiuntate.
635 1037 699 1093 V.
731 1039 796 1092 42
819 1040 874 1091 et
898 1039 982 1091 ⁴3.

385 1124 436 1175 6.
476 1120 728 1176 Existimo
767 1119 947 1176 omnia
993 1119 1375 1174 detrimentum
1411 1135 1527 1176 esse
1561 1129 1778 1193 propter

317 1205 643 1262 eminentem
685 1204 963 1260 scientiam
998 1201 1345 1260 Jesu'christi
1383 1203 1595 1259 Domini
1634 1206 1770 1276 mei;

314 1296 533 1358 propter
551 1305 712 1358 quem
734 1290 912 1345 omnia
935 1289 1312 1344 detrimentum
1335 1289 1436 1344 feci
1468 1296 1521 1343 et
1551 1287 1777 1344 arbitror

315 1373 376 1422 ut
393 1373 658 1438 stercora,
691 1377 754 1424 ut
771 1371 1041 1426 Christum
1063 1369 1406 1426 lucrifaciam.
1432 1370 1489 1423 C.
1520 1384 1606 1423 m.
1634 1385 1685 1424 v.
1715 1373 1768 1426 8.

383 1453 439 1506 7.
477 1451 617 1505 Nihil
651 1453 866 1509 solliciti
897 1456 1050 1527 sitis;
1078 1455 1189 1520 sed,
1216 1454 1271 1507 in
1293 1451 1436 1506 omni
1454 1453 1696 1507 oratione
1717 1461 1776 1510 et

315 1535 712 1608 obsecratione,
755 1552 879 1594 cum
917 1540 1211 1610 gratiarum
1249 1535 1458 1592 actione
1494 1537 1777 1608 petitiones

315 1625 509 1676 vestrae
532 1619 874 1678 innotescant
895 1625 1040 1694 apud
1064 1624 1253 1679 Deum.
1283 1620 1340 1677 C.
1364 1637 1439 1677 w.
1467 1637 1521 1676 v.
1547 1625 1601 1675 6.

385 1709 437 1760 8.
477 1706 554 1761 De
579 1712 758 1762 cetero
780 1749 794 1774 ,
838 1705 1060 1775 fratres,
1088 1720 1443 1776 quaecumque
1470 1712 1595 1760 sunt
1616 1720 1769 1774 vera,

315 1805 668 1860 quaecumque
681 1788 905 1864 pudica,
934 1803 1289 1860 quaecumque
1307 1790 1479 1860 justa,
1511 1803 1775 1859 quaecum·

314 1887 421 1941 que
453 1878 664 1939 sancta,
707 1885 1062 1940 quaecumque
1102 1874 1381 1937 amabilia,
1427 1889 1776 1945 quaecumque

314 1952 472 2008 bonae
495 1951 652 2006 samae
667 1993 680 2018 ,
713 1952 758 2006 si
781 1966 886 2024 qua
907 1949 1080 2008 virtus
1096 1991 1111 2021 ,
1134 1951 1179 2005 si
1205 1965 1311 2022 qua
1328 1951 1443 2006 laus
1461 1953 1775 2024 disciplinae,

313 2035 431 2092 haec
453 2037 702 2106 cogitate.
729 2037 794 2092 V.
819 2039 872 2090 8.

313 2197 587 2248 mimas
617 2186 832 2244 TfflEES
863 2195 944 2244 ΒΕ
983 2186 1263 2242 L’EPITRE
1296 2196 1377 2245 DE
1406 2195 1587 2244 SAINT
1616 2197 1773 2253 Paul.

779 2267 903 2318 AUX
934 2265 1317 2320 COLOSSIENS·

375 2367 594 2420 Colosses
615 2369 732 2417 etait
755 2381 849 2416 une
863 2367 971 2417 ville
995 2368 1057 2416 de
1080 2365 1124 2415 la
1144 2363 1363 2426 Phrygis,
1383 2366 1563 2425 grande
1584 2371 1775 2416 conti-ee

315 2459 376 2494 au
400 2454 562 2495 centre
585 2447 646 2493 de
676 2445 824 2492 l’Asie
847 2450 896 2491 et
930 2443 959 2490 ὲ
989 2444 1099 2491 l’est
1122 2443 1184 2489 de
1212 2441 1258 2488 la
1292 2439 1501 2499 Galatie3
1540 2441 1629 2488 elle
1664 2441 1775 2489 etaim

317 2524 468 2571 situee
503 2535 588 2570 sur
617 2522 663 2568 le
697 2523 848 2568 sseuve
883 2519 1127 2577 Meandre,
1164 2531 1261 2566 non
1297 2519 1397 2567 loin
1431 2518 1493 2564 de
1527 2517 1769 2567 Laodicee.

313 2593 451 2644 Saint
481 2595 597 2643 Paul
626 2608 662 2656 y
683 2593 785 2643 vint
805 2606 918 2643 sans
939 2593 1089 2643 doute
1110 2595 1314 2654 precher
1334 2597 1475 2654 apres
1494 2603 1585 2640 son
1612 2593 1773 2653 sejour

313 2685 373 2721 eu
395 2669 596 2722 Galam.

388 2773 436 2821 4.
479 2769 532 2824 Si
561 2766 966 2823 consurrexistis
986 2780 1111 2820 cum
1142 2763 1376 2832 Christo,
1412 2777 1533 2833 quae
1562 2779 1770 2819 sursum

317 2858 442 2908 sunt
476 2851 724 2922 quaerito,
763 2849 856 2906 ubi
885 2848 1123 2906 Christus
1151 2847 1307 2904 estin
1338 2849 1556 2905 dextera
1576 2851 1671 2906 Dei
1692 2863 1767 2905 se—
