2034 3234
817 215 1099 300 ’(96)

327 342 380 395 3.
413 339 580 397 Filioli
603 341 736 408 mei,
764 340 1076 398 haeoscribo
1098 342 1277 414 vobis,
1303 349 1365 400 ut
1392 362 1497 402 non
1532 361 1725 420 ponoe-

257 421 357 492 tis;
381 426 477 480 sed
494 431 550 480 et
569 427 612 481 si
635 425 754 497 quis
775 427 1095 497 peccaverit,
1120 428 1442 484 advocatum
1465 430 1724 488 habemus

255 507 397 579 apud
421 509 653 579 Patrem,
675 512 854 566 Jesum
879 510 1148 566 Christum
1162 507 1365 583 justum
1386 555 1399 568 .
1428 521 1483 570 et
1506 516 1619 586 ipse
1643 526 1727 573 est

254 590 556 661 propitiatio
595 608 690 664 pro
723 593 952 664 peccatis
987 594 1213 663 nostris,
1250 612 1358 650 non
1394 613 1489 668 pro
1530 600 1727 656 nostris

254 679 432 728 autem
456 677 690 742 tantum,
712 677 808 732 sed
834 676 994 732 etiam
1024 691 1122 748 pro
1154 676 1317 732 totius
1342 677 1547 736 mundi.
1570 679 1628 736 C.
1656 695 1721 736 11.

253 771 306 810 v.
347 761 370 810 ⁴
403 763 457 812 et
478 761 530 812 2.

328 845 378 894 4.
417 841 522 908 Qui
549 841 676 896 dicit
695 855 754 896 so
774 841 927 898 nosse
947 856 1073 896 eum
1087 884 1101 909 ,
1134 847 1191 898 et
1206 843 1461 898 mandata
1480 845 1596 915 ejus
1615 859 1719 900 non

253 923 502 994 custodit,
536 925 769 980 mendax
793 930 906 990 est,
943 929 997 979 et
1034 924 1090 979 in
1124 923 1228 980 hoo
1253 925 1451 981 veritas
1487 941 1596 982 non
1618 932 1717 982 est.

321 1091 374 1143 5.
413 1089 516 1156 Qui
537 1088 670 1144 dicit
688 1103 750 1144 se
771 1089 828 1143 in
851 1090 972 1160 ipso
993 1103 1237 1160 manere,
1260 1089 1448 1160 debet,
1468 1089 1611 1146 siout
1634 1089 1721 1146 illo

251 1171 567 1240 ambulavit,
595 1173 780 1246 etipse
806 1172 1106 1229 ambulare.
1129 1174 1198 1231 V.
1230 1177 1282 1230 6.

321 1259 373 1310 6.
413 1257 516 1324 Qui
545 1257 674 1315 dicit
707 1273 768 1312 se
793 1255 849 1311 in
887 1255 1010 1312 luce
1050 1272 1199 1325 esse,
1237 1263 1294 1312 ot
1326 1256 1543 1312 fratrem
1566 1272 1717 1312 suum

250 1339 381 1408 odit,
409 1341 464 1394 in
490 1341 726 1396 tenebris
749 1348 830 1394 est
859 1357 1031 1410 usque
1050 1341 1246 1396 adhuc.
1272 1341 1337 1396 V.
1365 1343 1419 1394 9.

317 1423 370 1476 ¹7.
409 1420 511 1486 Qui
537 1422 712 1489 diligit
733 1421 954 1474 fratrem
969 1437 1157 1484 suum,
1190 1422 1247 1474 in
1280 1421 1482 1474 lumine
1504 1423 1709 1489 manet,

249 1509 304 1560 et
323 1503 638 1559 scandalum
659 1504 713 1558 in
739 1517 803 1558 eo
829 1517 940 1558 non
963 1509 1063 1558 est.
1087 1502 1151 1558 V.
1185 1505 1271 1556 ⁴0.

316 1589 370 1639 8.
407 1586 582 1640 Nolite
603 1585 821 1654 diligere
851 1585 1151 1653 mundum,
1188 1597 1365 1655 noque
1401 1598 1469 1640 ea
1510 1597 1636 1654 quae
1656 1581 1711 1638 in

246 1669 446 1724 mundo
471 1674 615 1723 sunt.
647 1669 702 1723 Si
729 1668 850 1739 quis
871 1667 1044 1738 diligit
1074 1667 1361 1734 mundum,
1392 1682 1500 1722 non
1524 1672 1605 1720 est
1626 1681 1715 1722 ca·

246 1753 376 1808 ritas
411 1752 584 1808 Patris
620 1750 675 1805 in
714 1765 777 1806 eo
822 1769 836 1805 ε
871 1751 1125 1822 quoniam
1160 1765 1323 1805 omne
1359 1750 1503 1820 quod
1542 1755 1625 1806 est
1656 1750 1712 1806 in

246 1833 477 1899 munde,
521 1833 956 1904 concupiscentia
993 1834 1172 1888 carnis
1200 1839 1309 1902 est,
1356 1840 1411 1888 et
1456 1835 1714 1904 concupi-

246 1913 450 1973 scentia
473 1915 746 1970 oculorum
771 1956 785 1984 ‚
812 1921 866 1970 et
889 1917 1141 1986 superbia
1162 1915 1292 1970 vitae
1308 1956 1320 1980 ,
1356 1931 1479 1985 quae
1500 1932 1606 1970 non
1630 1923 1713 1972 est

246 2015 312 2056 ex
329 2000 512 2067 Patre,
539 1998 632 2053 sed
657 2014 722 2053 ex
753 1999 956 2054 mundo
995 2006 1095 2053 est.
1138 1999 1206 2053 Et
1232 2000 1467 2054 mundus
1490 1999 1703 2066 transit,

245 2090 302 2138 et
321 2079 755 2152 concupiscentia
789 2081 901 2151 ejus
928 2097 942 2134 z
970 2081 1062 2149 qui
1088 2087 1267 2136 autem
1302 2079 1429 2136 facit
1462 2081 1709 2136 volunta·

245 2171 353 2219 tem
373 2163 468 2218 Dei
483 2201 498 2226 ‚
523 2167 704 2214 manet
725 2162 780 2213 in
803 2167 1083 2214 aeternum.
1111 2161 1175 2214 V.
1203 2165 1289 2229 ⁴5,
1318 2167 1384 2215 ⁴6
1408 2167 1462 2216 et
1480 2164 1565 2216 ⁴7.

313 2249 367 2302 9.
405 2244 470 2298 Et
497 2257 668 2310 nunc,
710 2239 890 2312 filioli,
928 2246 1145 2295 manete
1183 2240 1240 2295 in
1279 2255 1369 2308 ee,
1417 2247 1505 2307 ut,
1540 2258 1706 2312 quum

246 2327 569 2404 apparuerit,
593 2323 889 2382 habeamus
913 2324 1163 2380 fiduciam
1178 2367 1193 2392 ‚
1216 2329 1275 2380 et
1288 2339 1397 2380 non
1418 2323 1709 2382 contunda-

245 2426 366 2469 mur
385 2412 454 2468 ab
478 2425 542 2466 eo
564 2409 619 2464 in
635 2409 884 2466 «adventu
905 2409 1037 2479 ejuS.
1062 2409 1129 2466 V.
1156 2411 1243 2465 28.

315 2499 402 2550 ⁴0.
440 2495 628 2550 Videte
652 2496 868 2564 qualem
889 2493 1168 2548 caritatem
1192 2492 1338 2548 dedit
1352 2490 1509 2546 nobis
1530 2491 1705 2563 Pater,

248 2583 306 2634 ut
326 2577 414 2632 filii
434 2577 528 2632 Dei
551 2575 891 2632 nominemur
904 2582 960 2632 et
982 2577 1182 2632 simus:
1207 2583 1423 2649 propter
1440 2576 1543 2630 hoc
1554 2589 1709 2630 mun·

250 2661 352 2716 dus
375 2674 482 2715 non
497 2660 648 2716 novit
669 2675 786 2730 nos,
804 2659 930 2732 quia
948 2675 1053 2716 non
1072 2661 1220 2716 novit
1234 2676 1377 2717 eum.
1394 2659 1455 2716 C.
1473 2675 1560 2714 ιιι.
1576 2673 1632 2715 v.
1652 2663 1706 2716 4.

317 2749 405 2800 Η.
439 2745 707 2801 Gar-issimi
723 2786 738 2816 ‚
765 2761 912 2803 nunc
931 2745 1024 2802 filii
1038 2747 1131 2803 Dei
1154 2760 1365 2816 sumna,
1394 2753 1447 2801 et
1468 2745 1705 2802 nondum

249 2831 493 2903 apparuit
512 2832 642 2904 quid
659 2833 877 2888 erimus.
903 2833 1113 2888 Scimus
1132 2830 1405 2904 quoniam,
1432 2847 1600 2904 quum
1610 2845 1703 2902 ap-
