2034 3234
29 665 43 712 ἒ

854 257 1065 331 (⁵¹7)

216 369 346 440 Dei,
371 368 536 442 quem
559 369 696 428 duos
715 370 902 428 oeulos
927 370 1219 432 habentem
1244 369 1387 428 mitti
1414 369 1475 426 iu
1506 368 1707 441 gehen-

214 466 350 508 nam
387 451 526 524 ignis
542 493 557 524 ,
599 453 694 510 ubi
729 453 930 510 vermis
972 470 1159 510 eorum
1206 469 1315 512 nen
1356 452 1586 512 meritur
1602 493 1619 524 ,
1646 457 1707 512 et

213 534 359 606 ignis
379 549 490 590 non
512 535 886 607 exstinguitur.
911 535 978 592 V.
1005 537 1073 592 46
1102 539 1159 590 et
1183 536 1271 592 4⁷.

283 620 376 674 73.
401 617 597 674 Pacem
617 617 812 674 habete
829 617 970 674 inter
987 633 1109 675 vos.
1125 617 1191 674 V.
1218 617 1309 672 49.

280 699 318 754 7
323 702 374 755 4.
397 699 565 756 Venit
583 699 750 755 Filius
773 699 1008 756 hominis
1040 699 1251 760 salvare
1274 697 1421 771 quod
1442 698 1697 771 perierat.

210 778 274 835 S.
291 777 573 850 Matthia,
596 794 648 835 e.
663 795 828 838 xvm.
855 796 912 838 v.
940 784 996 838 Η
1015 822 1028 836 .

279 863 370 918 75.
399 862 458 920 si
478 863 786 936 peccaverit
807 864 865 922 in
893 865 1134 925 testator
1160 870 1303 935 tuus,
1324 863 1489 935 vade,
1508 870 1567 921 et
1580 880 1701 924 cor·

210 943 334 1016 ripe
357 960 482 1000 eum
515 947 656 1002 inter
683 953 740 1004 te
767 954 822 1003 et
847 949 1027 1019 ipsum
1052 949 1231 1004 solum
1252 967 1266 1003 ε
1290 947 1339 1004 ei
1366 953 1423 1002 te
1448 948 1697 1014 audierit,

210 1025 454 1084 lucratus
469 1027 576 1085 eris
593 1028 822 1088 fratrem
838 1034 1012 1085 tuum.
1035 1030 1093 1086 Si
1114 1035 1296 1088 autem
1318 1035 1371 1088 te
1389 1045 1498 1086 non
1516 1030 1701 1088 audie·

211 1109 300 1177 rit,
324 1109 521 1166 adhibe
537 1115 717 1166 tecum
736 1109 914 1166 adhuc
941 1127 1133 1180 unum,
1156 1111 1242 1169 vel
1268 1111 1421 1179 duos,
1442 1116 1505 1164 ut
1528 1111 1581 1164 in
1606 1125 1701 1166 ore

210 1191 446 1246 duorum
459 1190 548 1244 vel
563 1190 726 1245 nium
744 1192 962 1246 testium
983 1197 1099 1248 stet·
1112 1207 1273 1248 amne
1288 1189 1531 1246 verbum.
1544 1189 1701 1257 Quod

210 1270 258 1328 ei
277 1286 387 1328 non
413 1269 644 1328 audierit
668 1285 788 1336 eos,
815 1269 902 1328 die
930 1269 1195 1328 ecclesiae.
1233 1269 1289 1328 Si
1320 1275 1505 1326 eutem
1530 1269 1701 1326 eccle-

208 1355 347 1413 siam
367 1371 478 1412 non
506 1349 766 1421 audierit,
793 1354 867 1410 sit
889 1356 983 1415 tibi
1005 1356 1148 1411 sicut
1168 1354 1419 1412 ethnicus
1440 1359 1495 1410 et
1518 1353 1699 1428 publi-

210 1453 398 1497 canae.
423 1437 490 1496 V.
519 1440 608 1506 ⁴5,
637 1440 782 1494 met
805 1440 895 1496 47.

277 1521 312 1573 7
317 1523 370 1574 6.
387 1520 444 1574 Si
465 1520 574 1574 due
589 1535 656 1574 ex
671 1520 826 1575 vobis
842 1521 1217 1576 consenseriut
1232 1535 1395 1591 super
1413 1525 1611 1574 terrem
1626 1521 1697 1576 de

212 1601 360 1657 omui
391 1615 454 1656 re
483 1613 880 1670 quamcumque
911 1600 1195 1670 petierint,
1223 1598 1313 1654 fiet
1344 1597 1449 1656 iuis
1482 1613 1515 1656 a
1538 1601 1693 1657 Patre

213 1699 352 1752 meo,
385 1681 550 1754 quiin
574 1679 726 1737 eoelis
741 1683 842 1736 est.
872 1681 941 1737 V.
969 1683 1059 1735 ⁴9.

278 1766 370 1820 77.
394 1762 500 1818 ubi
515 1763 664 1818 enim
679 1765 808 1816 eunt
827 1760 936 1816 duo
953 1760 1171 1816 veltres
1192 1760 1503 1832 congregati
1519 1759 1577 1814 in
1599 1775 1691 1816 no·

213 1849 360 1904 mine
381 1859 521 1915 mee,
545 1843 622 1900 ibi
644 1842 842 1900 eumin
865 1843 1047 1898 medio
1071 1859 1279 1900 eorum.
1304 1845 1366 1902 V.
1386 1846 1476 1902 20.

280 1929 368 1982 78.
384 1927 560 1982 Nolite
568 1923 810 1996 judicare
825 1924 1128 1982 seeundum
1144 1924 1355 1996 faciem,
1376 1925 1473 1982 sed
1484 1925 1696 1996 justum

207 2009 468 2080 judicium
481 2009 742 2080 judicate.
769 2009 827 2064 S.
857 2009 1010 2074 leun,
1038 2023 1089 2061 c.
1113 2023 1217 2062 vn.
1242 2023 1298 2064 v.
1326 2008 1417 2064 2⁴.

280 2094 368 2147 79.
403 2090 674 2162 Numquid
695 2090 782 2148 lex
804 2095 986 2146 nostra
1011 2089 1215 2162 judicat
1245 2088 1517 2144 hominem
1536 2130 1549 2154 ,
1589 2088 1693 2146 nisi

214 2175 360 2246 prius
381 2173 613 2232 audierit
639 2173 711 2230 ab
739 2172 858 2246 ipso
891 2179 950 2230 et
988 2171 1303 2244 cognoverit
1327 2169 1459 2244 quid
1478 2169 1692 2238 ‚faciam

281 2341 366 2391 80.
390 2339 445 2392 Si
467 2353 566 2392 vos
587 2337 892 2402 manseritis
905 2336 965 2388 in
988 2349 1239 2389 sermone
1261 2348 1405 2400 mee,
1426 2339 1555 2393 vere
1578 2335 1691 2394 dis-

215 2418 375 2491 cipuli
401 2417 508 2473 mei
529 2416 704 2487 eriti33
744 2419 800 2472 et
827 2413 1157 2486 cognoscetis
1178 2413 1485 2484 veritatem,
1510 2421 1568 2471 et
1594 2431 1687 2472 ve-

215 2503 342 2558 ritas
364 2499 615 2556 liberabit
635 2515 752 2556 vos.
776 2499 834 2556 C.
860 2514 982 2556 vm.
1003 2513 1057 2554 v.
1086 2501 1143 2552 3⁴
1182 2501 1238 2553 et
1254 2497 1351 2553 32..

267 2589 370 2640 84.
397 2584 586 2642 Omnis
613 2583 710 2655 qui
741 2583 870 2654 fucit
896 2588 1198 2654 peecatum,
1228 2595 1415 2640 servus
1447 2585 1529 2658 est
1554 2597 1682 2655 pec·

220 2665 340 2720 eati.
364 2667 430 2720 V.
456 2669 542 2722 34.

283 2747 376 2804 82.
395 2744 493 2816 Qui
520 2763 582 2804 ex
603 2751 712 2806 Deo
733 2755 834 2820 est,
856 2749 1023 2808 verba
1045 2747 1141 2804 Dei
1164 2747 1334 2806 audit.
1362 2745 1426 2808 V.
1456 2744 1545 2804 47.

283 2830 374 2885 83.
411 2825 592 2889 Bonus
613 2839 794 2904 pastor
817 2833 1053 2890 animam
1074 2849 1228 2890 suam
1262 2829 1356 2890 dat
1376 2845 1472 2906 pro
1494 2827 1683 2888 ovibus
