2034 3234
981 263 1183 336 (56)

335 423 344 434 ,
405 373 499 428 64.
535 370 595 430 Si
617 372 740 444 quis
755 372 880 430 vult
897 379 1023 446 poet
1042 391 1130 430 me
1150 377 1365 445 venire,
1388 379 1623 450 abneget
1638 388 1811 438 semet

337 455 547 527 ipsum,
577 461 632 511 et
667 455 828 512 tollat
861 472 1078 513 crucem
1114 474 1295 526 suam,
1332 466 1387 515 et
1422 469 1681 534 sequatur
1698 479 1805 520 me.

329 537 392 598 S.
419 538 684 602 Matthieu
703 581 718 610 ,
741 553 794 596 e.
811 555 930 597 xvr.
955 557 1010 596 v.
1038 542 1127 598 24.

407 625 496 678 66.
537 621 678 690 Quid
709 623 928 696 prodest
961 622 1199 693 homini,
1238 623 1284 680 si
1309 623 1569 678 mundum
1590 625 1811 680 univer-

333 719 455 765 sum
487 705 746 774 lueretur,
783 707 979 762 animae
1009 706 1139 764 verb
1170 723 1287 764 suae
1310 708 1694 764 detrimentum
1716 724 1814 780 pa—

333 786 499 843 tiatur
514 787 542 840 Ἰ
565 787 630 844 V.
653 791 742 844 26.

403 873 494 926 66.
533 869 640 938 Qui
663 885 752 927 me
779 870 1057 926 erubuerit
1078 877 1133 927 et
1158 886 1435 928 sermones
1456 889 1630 943 meos,
1663 875 1812 930 hunc

329 953 500 1012 Filius
521 955 756 1012 heminis
785 955 1095 1022 erubescet,
1136 969 1305 1027 quum
1329 955 1541 1012 venerit
1568 956 1627 1012 in
1652 957 1814 1027 maie·

327 1039 470 1094 state
505 1037 637 1108 sust,
677 1045 735 1095 et
778 1038 981 1110 PatriS,
1030 1046 1085 1096 et
1126 1044 1435 1098 sanctorum
1476 1038 1807 1112 angelorum.

329 1120 390 1182 S.
415 1123 552 1193 Luc,
573 1139 624 1180 e.
650 1139 726 1180 rx.
751 1139 806 1180 v.
829 1127 922 1182 26.
1086 1141 1091 1146 ·

401 1208 494 1264 67.
531 1207 648 1264 Nisi
685 1207 933 1266 conversi
967 1207 1175 1264 fueritis
1193 1250 1208 1279 ,
1250 1214 1308 1264 et
1340 1206 1647 1266 efficiamini
1674 1204 1813 1264 sieut

329 1292 566 1359 purvuli,
583 1307 696 1348 non
713 1291 982 1348 intrabitis
1000 1292 1057 1346 in
1072 1307 1297 1363 regnum
1316 1293 1599 1348 eoelorum.
1612 1291 1671 1347 S.
1682 1291 1815 1346 Mat·

331 1365 508 1434 thien,
539 1383 590 1420 o.
617 1383 778 1422 xvm.
803 1385 859 1421 v.
887 1375 942 1419 3.

397 1450 489 1504 68.
523 1447 866 1520 Quicumque
901 1463 1031 1519 ergo
1056 1448 1417 1508 humiliaverit
1440 1465 1501 1506 se
1526 1450 1665 1506 sicut
1688 1467 1810 1522 par·

330 1532 492 1592 vulus
513 1531 646 1601 iste,
674 1533 766 1590 hie
785 1536 872 1590 eet
891 1533 1063 1604 maj0r
1086 1533 1143 1589 in
1166 1549 1333 1606 regno
1352 1533 1631 1592 coelorum.
1656 1536 1724 1592 V.
1753 1538 1807 1591 t.

401 1618 490 1675 69.
520 1616 616 1676 Vae
637 1616 843 1672 mundo
867 1631 902 1674 a
923 1617 1195 1676 scandalis
1216 1635 1231 1674 z
1250 1635 1473 1678 neeesse
1492 1625 1574 1678 est
1590 1618 1735 1676 enim
1748 1624 1811 1673 ut

329 1699 555 1758 veniant
577 1701 837 1760 seandala
855 1719 870 1774 ;
896 1709 1271 1761 verumtamen
1294 1717 1379 1761 vae
1400 1703 1603 1759 homini
1621 1701 1698 1758 illi
1715 1715 1811 1772 per

329 1797 495 1857 quem
513 1786 828 1844 seandalum
847 1788 1016 1844 venit.
1034 1788 1101 1845 V.
1131 1789 1187 1845 7.

399 1867 488 1918 70.
525 1867 592 1918 Et
611 1866 658 1918 si
679 1867 1126 1919 scandalizaverit
1150 1875 1205 1920 te
1228 1883 1425 1922 manus
1449 1877 1571 1936 tua,
1596 1867 1811 1924 abscide

327 1943 517 2002 issam}
545 1944 750 2002 bonum
783 1951 867 2001 est
895 1945 992 2000 tibi
1026 1944 1261 2000 debilem
1290 1946 1513 2001 introire
1539 1949 1597 2000 in
1620 1949 1807 2015 vitam,

326 2026 497 2101 quem
535 2029 672 2086 duas
701 2044 895 2085 manus
928 2027 1219 2086 habentem
1258 2028 1337 2085 ire
1376 2027 1433 2083 in
1472 2027 1775 2100 gebennam
1792 2069 1805 2094 ‚

323 2110 388 2165 iu
417 2113 596 2182 ignem
623 2111 1133 2179 inexstinguibilem,
1152 2111 1245 2164 ubi
1270 2111 1469 2166 vermis
1490 2127 1679 2164 eorum
1700 2126 1809 2166 non

327 2192 574 2256 moritur,
601 2196 656 2244 et
675 2190 818 2258 ignis
839 2205 947 2244 nen
971 2190 1353 2259 exstinguitur.
1380 2190 1437 2246 S.
1458 2191 1625 2256 Marc,
1654 2206 1705 2246 c.
1728 2207 1806 2248 rx.

329 2287 383 2325 v.
405 2273 473 2326 ὀὶ
495 2277 552 2326 et
575 2271 663 2326 43.

400 2355 464 2411 7⁴
479 2395 492 2410 .
517 2354 650 2412 Etsi
673 2369 770 2428 pes
791 2359 918 2412 tuus
936 2359 990 2426 te
1013 2354 1366 2427 scandalizat,
1386 2357 1605 2428 amputa
1622 2353 1805 2412 illum:

324 2439 534 2499 bonum
561 2445 654 2496 eet·
683 2438 780 2494 tibi
817 2439 1083 2496 claudum·
1105 2440 1329 2497 introire
1359 2439 1415 2494 in
1445 2439 1613 2496 vitam
1646 2443 1809 2512 aeter-

321 2533 485 2586 nam,
509 2522 674 2592 quim
701 2520 837 2574 duos
860 2522 1026 2590 pedes
1047 2520 1336 2576 habentem
1358 2521 1497 2576 mitti
1524 2520 1579 2572 in
1604 2519 1810 2588 gehen-

329 2614 459 2654 nam
483 2601 623 2671 ignis
646 2600 1125 2672 inexstinguibilis»,
1152 2603 1246 2658 ubi
1268 2602 1465 2659 vermis
1486 2615 1670 2656 eorum
1696 2617 1803 2656 non
1852 2677 1857 2680 Ι

329 2683 572 2751 moritur,
603 2686 660 2738 et
683 2681 820 2754 ignis
843 2699 954 2740 non
978 2684 1351 2755 exstinguitur.
1378 2683 1444 2740 V.
1473 2684 1538 2740 44
1570 2689 1623 2739 et
1652 2681 1738 2739 45.

399 2765 491 2823 72.
522 2764 772 2842 Quss’dssi
809 2767 998 2822 oculus
1036 2773 1163 2821 tuus
1195 2765 1521 2823 scandalizat
1559 2770 1644 2833 te,
1681 2767 1809 2838 ejice

331 2861 494 2903 eum:
525 2847 726 2904 bonum
759 2853 844 2902 est
877 2849 973 2926 tibi
1007 2850 1219 2904 luscum
1249 2848 1471 2905 introire
1503 2850 1557 2905 in
1591 2864 1808 2922 regnum

1994 0 2007 196 l

1984 199 2007 566 'f

1996 697 2009 1070 Ι
