2034 3234
915 245 1121 316 (86)

280 369 553 424 ΜΑΧῙΜΕὸ
587 363 808 421 nnEEs
842 369 933 494 m}
959 363 1235 494 ¹4:12¹ngss
1272 369 1351 417 DE
1383 370 1561 421 SAlNT
1594 374 1751 423 PAUL

341 545 448 596 Tite
471 559 536 596 ou
557 545 715 606 Titus,
745 548 807 594 ne
842 559 904 593 en
931 545 1102 606 Grece,
1137 545 1215 593 sut
1252 546 1465 593 converti
1502 559 1593 606 par
1629 549 1755 596 saint

280 621 394 670 Paul
417 623 444 669 a
468 623 514 670 la
537 621 600 671 soi
627 623 922 670 chretienne.
945 621 1079 668 Salnt
1100 619 1232 680 Paul,
1258 621 1397 679 apres
1418 619 1585 668 l’avoir
1608 625 1755 681 garde

281 699 456 755 aupres
478 697 539 745 de
573 699 640 745 lui
678 711 865 745 comme
901 698 1156 745 secretaire
1180 703 1229 743 et
1252 709 1439 742 comme
1468 697 1751 758 interprete,

281 771 492 830 l’envoya
516 775 540 817 a
557 771 788 819 Corintho
811 785 938 830 pour
959 774 1149 832 apaiser
1168 774 1241 819 les
1258 771 1495 831 quet-elles
1516 773 1601 831 qui
1624 779 1752 821 trou-

279 845 457 892 blaient
479 851 605 893 cette
637 834 812 904 Egnse.
840 843 961 892 vers
993 847 1090 892 l’an
1126 849 1206 902 63,
1246 848 1373 894 saint
1410 845 1525 894 Paul
1559 859 1749 896 nomma

279 918 384 968 Tite
407 923 589 980 eveque
611 921 674 968 de
695 922 794 968 l’lle
817 921 878 968 de
901 919 1060 978 crete,
1086 927 1137 968 et
1158 921 1277 968 c’est
1298 921 1421 970 dans
1442 933 1531 970 son
1560 923 1750 972 diocese

277 1007 370 1054 que
392 993 498 1044 Tite
522 1003 658 1055 rectit
677 997 868 1057 l'epltre
890 996 1004 1046 d'ou
1028 1002 1145 1046 sont
1166 997 1398 1048 eni-nites
1426 998 1499 1048 les
1520 999 1750 1046 maximos

275 1076 534 1124 suivantes.

351 1193 398 1241 t.
439 1187 670 1244 Juvenes
701 1185 915 1243 hortare
937 1193 999 1242 ut
1022 1185 1189 1244 sobrii
1210 1187 1321 1244 sint
1347 1206 1361 1242 ε
1400 1188 1458 1242 in
1498 1187 1749 1244 omnibus

279 1279 332 1324 te
361 1270 538 1343 ipsum
569 1271 753 1343 praebe
781 1270 1085 1343 exemplum
1119 1272 1384 1326 bonorum
1420 1287 1661 1342 operum,
1692 1272 1748 1326 in

281 1353 545 1421 doctrina,
573 1354 626 1406 in
657 1353 985 1424 integritate,
1013 1354 1072 1408 in
1099 1353 1378 1424 gravitate,
1408 1353 1630 1407 verbum
1653 1369 1746 1406 sa-

281 1447 427 1502 num,
451 1433 939 1504 irreprehensibile.
965 1437 1023 1492 C.
1053 1451 1114 1490 ιι.
1140 1451 1194 1488 v.
1222 1439 1273 1501 6,
1300 1435 1336 1486 ’7
1354 1441 1407 1486 et
1428 1438 1481 1486 8.

347 1519 402 1574 2.
442 1515 705 1590 Apparuit
735 1519 906 1591 gratia
931 1519 1025 1574 Dei
1061 1516 1345 1573 salvatoris
1376 1515 1627 1572 omnibus
1645 1515 1746 1572 ho-

278 1600 529 1668 minibuS,
547 1600 801 1656 erudiens
825 1617 938 1667 noe,
967 1607 1047 1669 ut,
1075 1602 1403 1671 abnegantes
1419 1597 1747 1670 ‘impietatem

277 1689 334 1739 et
355 1682 637 1738 saecularia
661 1683 920 1738 desideria
942 1727 955 1752 ,
990 1684 1169 1738 sobrie
1194 1690 1251 1738 et
1268 1685 1409 1753 juste
1423 1689 1478 1739 et
1498 1681 1589 1754 pie
1605 1683 1748 1737 viva-

279 1783 397 1820 mus
417 1765 474 1820 in
499 1767 603 1822 hoc
625 1768 852 1823 saeculo:
879 1775 1253 1838 exspectantes
1272 1767 1487 1822 beatam
1508 1781 1677 1837 spem,
1696 1772 1749 1820 et

277 1849 566 1905 adventum
606 1850 792 1920 gloriae
824 1850 1004 1918 magni
1040 1850 1137 1904 Dei
1180 1857 1236 1903 et
1274 1849 1557 1905 salvatoris
1582 1851 1746 1904 nostri

276 1933 401 1987 Jesu
431 1930 647 2000 Christi,
676 1930 767 2002 qui
799 1931 945 1986 dedit
978 1939 1151 1985 semet
1172 1932 1348 2002 ipsum
1374 1949 1471 2002 pro
1494 1932 1663 2001 nobis,
1688 1939 1749 1986 ut

218 2074 228 2082 ,
281 2030 378 2071 nos
389 2013 674 2070 redimeret
695 2015 764 2072 ab
784 2015 928 2071 omni
950 2013 1254 2086 iniquitate,
1276 2021 1331 2068 et
1352 2015 1748 2071 mundaretsibi

277 2097 534 2168 populum
556 2097 956 2166 acceptabilem,
987 2102 1307 2150 sectatorem
1328 2097 1597 2153 bonorum
1620 2113 1747 2169 ope-

277 2191 415 2228 rum.
445 2175 512 2230 V.
541 2179 626 2238 Η,
657 2179 742 2240 ⁴2,
773 2181 838 2226 ⁴3
865 2182 918 2227 et
941 2179 1028 2226 44.

344 2257 398 2309 3.
437 2254 616 2323 Quum
659 2255 992 2325 benignitaS,
1044 2259 1101 2310 et
1140 2252 1453 2311 humanitas
1497 2262 1749 2330 apparuit
1855 2277 1859 2281 ·

171 2353 176 2358 ·
275 2339 560 2398 salvatoris
585 2340 752 2398 nostri
772 2340 896 2412 Dei,
917 2355 1027 2396 non
1044 2355 1109 2396 ex
1122 2339 1373 2412 operibus
1383 2341 1607 2413 justitian
1620 2359 1747 2416 quae

275 2425 499 2494 fecimus
537 2443 653 2497 noe,
681 2428 777 2483 sed
809 2427 1104 2482 secundum
1138 2440 1293 2481 suam
1328 2426 1745 2484 misericordiam

274 2511 454 2567 salvos
493 2527 593 2566 nos
625 2513 752 2567 fecit
787 2529 884 2584 per
921 2511 1199 2567 lavacrum
1234 2511 1652 2582 regenerationis
1690 2523 1747 2570 et

275 2593 641 2650 renovationis
669 2595 901 2667 Spiritus
935 2595 1141 2666 Sancti,
1170 2612 1332 2669 quem
1356 2597 1542 2652 effudit
1564 2596 1619 2650 in
1644 2613 1745 2653 nos

275 2675 493 2732 abunde
515 2691 614 2749 per
634 2679 816 2734 iesum
839 2677 1107 2734 Christum
1134 2679 1456 2734 salvatorem
1478 2685 1740 2748 nostrum,

275 2764 338 2813 ut
349 2759 629 2832 justificati
647 2761 816 2834 gratia
839 2761 1010 2832 ipsius
1032 2763 1255 2818 heredes
1268 2762 1437 2817 simus
1448 2765 1739 2818 secundum

275 2857 426 2913 spem
441 2843 571 2900 vttae
591 2853 827 2902 aeternae.
853 2847 908 2902 G.
939 2862 1028 2900 111.
1056 2863 1112 2902 v.
1142 2847 1191 2915 4,
1220 2847 1272 2915 ὃ,
1300 2848 1332 2899 6
1356 2853 1409 2901 et
1431 2849 1483 2901 7.
